1809 3150
195 125 519 186 LUCANILIU.
559 123 624 177 vir.
781 133 828 182 371¹

44 212 151 274 Rnrl'uss
168 228 193 264 et
209 211 326 263 invidiam
338 209 376 259 his
390 208 478 264 armis,
493 203 582 268 quibus
589 216 646 253 ante
657 203 749 257 setores

46 281 154 331 Edomui
164 279 290 331 Britouas,
305 279 409 328 suevos,
426 267 572 330 Gallosque,
589 268 697 321 domare.

47 346 95 394 His
107 341 193 393 iisdem
202 337 303 394 forsan,
317 334 386 386 vobis
396 332 580 387 mandantibus,
595 332 668 383 armis

49 406 92 471 (si
108 420 159 454 non
170 407 196 454 in
210 403 311 469 patriam
321 411 449 463 paucorum
461 397 543 458 injuria
555 394 648 444 bellum

48 466 178 531 vertisset)
197 466 272 517 Latiis
283 463 392 527 Babylon
403 461 506 526 spoliata
518 458 624 522 tropaeis

48 530 198 598 Iamdudum
210 526 304 578 nostros
321 523 413 575 lenisset
426 523 493 572 clade
503 521 616 577 dolores,

47 598 191 658 Ultimaque
201 589 330 646 Ausonias,
348 585 497 637 ttemniffent
508 586 590 635 Bostra
601 589 704 633 secures.

46 663 116 709 Haec
126 659 175 719 iam
189 657 254 704 bella
270 652 332 702 mibi
349 655 447 701 Numen
459 648 592 713 peragenda
605 646 719 711 reliquit.-

51 722 96 772 Ad
111 719 228 777 Parthos,
244 723 338 771 Patres,
354 712 371 763 ti
385 728 430 763 vos
442 712 580 767 decernitis,
595 707 636 757 ibo
643 727 655 769 3⁴

48 788 82 834 lit
98 782 168 833 simul
185 797 213 832 ac
225 780 297 830 Tauri
309 778 340 828 de
351 775 463 827 cornibus
476 787 558 825 aureus
569 773 621 823 exit

49 846 174 904 Phoebus,
191 843 220 894 ad
233 849 299 893 ans
310 841 414 891 victricia
430 838 497 905 figur
509 837 631 902 pharetras

50 915 209 959 convertam.
227 904 346 955 Ausonias
360 903 476 968 ¹Aquilas,
499 897 627 963 amissaque
640 898 707 960 ligna

50 980 101 1023 Aut
114 971 217 1022 reseram
229 982 269 1018 aut
285 968 396 1023 morian
422 964 503 1029 dignis
515 977 552 1012 aut
566 960 669 1012 cladibus
681 959 746 1022 ultus¹

50 1040 120 1086 Tunc
134 1036 193 1091 erit,
215 1044 255 1082 aut
266 1028 334 1081 caeso
347 1030 476 1081 comitatus
492 1024 595 1077 Caesare
608 1020 713 1072 crassus.

52 1094 175 1148 Assensere
188 1103 284 1146 Patres:
302 1092 388 1157 placuit
402 1103 453 1141 tam
475 1088 558 1139 nobile
570 1088 676 1142 bellurn,

51 1166 83 1211 Et
96 1173 179 1210 tantus
192 1159 293 1210 Dudor.
308 1157 345 1204 eui
358 1155 464 1205 Parthica
475 1151 542 1202 bella
554 1156 649 1200 Senatus

51 1218 341 1288 Nequicquaiu’maudat.
357 1219 449 1283 coeptis
462 1213 598 1281 ingentibus
610 1210 706 1260 obstant

51 1290 127 1344 fatas
142 1301 186 1335 nec
201 1283 322 1335 Ausoniae
334 1280 407 1331 decus
420 1280 482 1336 boc,
496 1293 541 1328 nec
552 1274 660 1325 Caesaris
678 1271 752 1321 armis

55 1349 207 1399 Concedunt.
219 1349 306 1397 iterum
317 1344 417 1394 redeunt
432 1342 513 1391 civilia
523 1341 601 1396 bella,

52 1417 84 1462 Et
99 1413 182 1477 populi
193 1408 313 1473 abrumpit
323 1407 397 1456 tristis
408 1410 512 1457 Fortuna
529 1404 643 1466 quietem.

54 1476 111 1524 Sola
123 1475 193 1539 quies
204 1476 254 1535 jam
268 1470 357 1522 caesar
369 1481 434 1525 erat,
448 1483 502 1524 curn
510 1466 607 1516 Caesare
618 1463 714 1521 rursus,

53 1543 101 1589 l’ax
114 1542 227 1588 Romana
239 1538 308 1600 perit.
324 1533 389 1594 errius
400 1545 466 1582 mors
478 1530 529 1581 dira
540 1527 626 1595 pianda
638 1528 672 1579 est

55 1600 173 1650 cladibus
187 1599 334 1655 innumeris,
350 1599 479 1660 laceroque
493 1595 610 1644 cruentior
623 1591 677 1643 orbi

54 1668 135 1728 Qram
147 1675 185 1712 tot
196 1663 299 1713 viventis
310 1660 396 1709 setalia
414 1660 480 1707 bella
491 1654 595 1707 fuissent.

90 1731 152 1799 Fata
172 1727 246 1776 Ducis
266 1736 373 1775 mortem
398 1722 555 1779 accelerant3
581 1734 635 1784 pars
654 1731 743 1785 magna
762 1719 832 1766 Seut-

194 1798 232 1838 tus

21 1874 22 1915 y
54 1852 171 1912 coniurat
189 1849 291 1917 trepidi3
307 1864 349 1899 nec
359 1849 401 1912 qui
418 1845 449 1896 de
463 1857 532 1910 parte
543 1842 659 1894 stetissent

21 1954 22 1975 2
55 1913 162 1966 Adversa
172 1913 266 1972 solum,
286 1926 311 1963 et
323 1915 377 1961 noti
387 1911 436 1971 jam
449 1906 558 1959 caesaris
570 1906 651 1957 hostes

21 1986 22 1995 ¹
55 1980 169 2043 spurius,
185 1990 209 2027 et
221 1973 287 2029 Naso
318 1974 437 2032 Rubrius,
451 1973 563 2021 servilius
574 1971 671 2029 audax,

54 2042 214 2106 Donatusque
225 2010 302 2090 semei
313 2039 383 2089 nenia
394 2036 519 2102 Ligarius,
534 2045 606 2098 atque

57 2105 194 2155 caecilius.-
211 2101 252 2152 sed
269 2102 310 2166 qui
322 2100 396 2165 vulgo
413 2098 539 2148 ereduntur
553 2098 626 2148 amici
665 2123 667 2126 v

56 2169 124 2218 lilius
137 2168 267 2231 adjungunt
280 2162 343 2222 sese,
359 2160 495 2212 Trebonius
507 2162 570 2212 inter

56 2235 109 2280 Hos
119 2228 182 2288 fuit,
199 2229 225 2277 be
238 2225 330 2285 casca,
347 2229 373 2276 be
386 2223 501 2280 cimber;
516 2240 561 2273 nec
574 2223 666 2275 caldus
681 2238 740 2273 acen·
810 2246 814 2257 =

57 2290 141 2344 Destrit
156 2291 258 2347 insidiis,
280 2292 320 2356 qui
333 2288 451 2339 libertatis
463 2286 590 2351 ademptae
625 2328 630 2335 .

60 2356 71 2419 (
78 2357 196 2421 Qrarnnis
208 2353 305 2404 Urbana
316 2358 427 2403 Praetura
443 2364 458 2398 a
473 2351 574 2401 caesare
586 2362 662 2414 nuper

57 2420 190 2482 Donatus)
212 2415 302 2468 vindex
320 2428 444 2480 nunquam
457 2429 507 2463 nou
522 2412 570 2464 esse
583 2412 692 2465 volebat

56 2481 171 2548 iungitur
182 2483 220 2532 his
233 2482 348 2532 Decimus
360 2475 498 2526 notissimus
513 2478 572 2527 inter
584 2479 681 2526 amicos
776 2487 778 2491 ’

59 2546 175 2596 Caesaris.
187 2551 310 2610 ingratus,
333 2542 448 2590 cultram
461 2541 548 2605 Alpina
561 2536 640 2590 fuisset

59 2611 139 2659 Gallia
152 2607 271 2657 caesareo
283 2619 357 2670 nuper
368 2602 491 2653 commisit
500 2602 596 2654 lavore.

60 2675 119 2721 Non
130 2671 200 2720 illum
215 2670 340 2728 coujunsta
350 2668 425 2724 fides,
444 2683 496 2715 non
508 2684 600 2717 nomen
613 2664 687 2715 amici·

60 2739 187 2783 Deterrete
205 2733 291 2798 potest.
304 2747 349 2781 nec
360 2731 437 2780 adhue
450 2729 485 2779 lat
498 2732 567 2780 firma
579 2731 672 2781 videtur

61 2799 194 2853 coniurata
209 2811 308 2852 manus,
323 2795 434 2858 quamvis
445 2808 499 2857 pars
512 2809 577 2845 tantu
591 2800 689 2844 Senatus

61 2863 160 2929 Totque
171 2857 240 2915 timul
258 2872 368 2924 proteres
383 2856 511 2910 sensissent
527 2857 629 2911 foedere
642 2855 719 2907 tina

442 2927 501 2984 qe,
630 2972 636 2977 .
806 2921 851 2970 τε

824 3011 887 3108 Δ
