1809 3150
75 149 127 197 174·
246 135 680 188 SUPPLEMENTVM

76 217 185 278 callim
201 224 309 285 Eroptee
323 216 419 269 Parthis
432 215 450 265 fi
463 221 534 266 Brute
543 213 692 279 triumphurn

76 287 115 332 De
129 286 217 340 Latio,
248 284 321 332 atriae
335 297 361 330 eu
376 280 470 335 fanus,
484 294 534 327 uon
547 276 656 327 caesaris
669 274 757 329 hostis:

77 346 149 410 Quod
163 298 247 412 procui³
262 356 370 394 avertant
388 342 477 407 Superi.
493 340 626 390 rationibus
644 355 708 390 erras

78 414 150 458 Brute
167 411 230 458 tuis:
252 409 276 455 in
296 420 346 456 rata
358 420 430 454 votas
442 418 504 469 quae
524 402 583 464 justa
596 403 692 452 vocabit

77 470 223 530 Posterita53
242 484 267 519 et
279 423 337 519 {um
351 470 449 517 vinnon
462 469 568 531 ingratus
583 464 689 524 haberi,

78 536 167 597 impius
179 550 212 584 es.
237 547 297 590 nec,
311 546 372 596 quae
391 533 481 594 patriae
498 528 551 594 suut
570 526 665 586 debita,
687 527 759 578 donin

79 599 169 647 Privati
186 595 274 647 debere
291 609 368 660 potet.
380 605 492 658 corrupta
510 603 608 639 vocatur

79 666 159 717 Haec,
175 676 224 709 non
246 657 305 720 julla
317 658 385 707 fides.
402 671 452 720 qno
467 658 520 719 plus
532 668 556 702 te
567 654 634 703 dona
650 652 759 715 ligarunt,

80 724 163 780 nlius,
177 724 223 772 hoc
237 724 314 785 tnagis
328 736 354 769 es
359 720 460 830 ‘'patriae
475 715 592 781 iustusque
609 712 717 781 piusque.

81 790 135 834 Heu
154 797 285 849 quantam,
301 782 346 832 r'rbi
388 798 439 831 non
450 781 506 831 esset
519 779 606 831 caesar
620 779 727 835 amicus,

79 849 222 898 Detraheret
236 848 327 896 famam
342 846 409 895 fusto
425 850 528 894 Fortuna
543 842 662 894 merenti!
686 857 702 866 ”

80 915 146 960 Cum
160 912 213 975 plus
231 911 329 974 privatis
341 905 463 958 affestibus
476 906 601 968 indulgete

81 979 160 1037 Qtam
173 975 262 1036 patriae
282 972 366 1020 servire
378 984 434 1020 tuae
451 985 478 1019 te
498 971 604 1018 exederet
622 966 696 1015 orbis.

83 1039 108 1085 si
121 1048 202 1085 tamen
217 1036 336 1097 exemplis
348 1049 408 1146 oque
424 1033 472 1088 est,
487 1034 558 1081 illum
577 1028 652 1094 aspice
663 1028 768 1094 priscum.

83 1103 209 1148 Brutorum
223 1099 332 1164 generis,
350 1098 366 1146 li
383 1095 513 1159 citatisque
524 1108 666 1159 parentem,

82 1165 211 1211 Romanos
232 1161 322 1225 primus
339 1161 381 1225 qui
399 1161 497 1208 nurnine
513 1157 626 1207 Consulis
637 1169 713 1204 annuos

84 1225 201 1289 signavit.
221 1224 330 1288 proprios
345 1235 415 1271 natos
429 1222 488 1270 dum
499 1235 571 1286 regna
583 1217 720 1275 favebant,

85 1288 206 1351 Supplicio
217 1283 316 1337 effeetus
327 1286 440 1350 spetiavit
451 1284 532 1332 fronte
543 1284 630 1332 ierena.

85 1352 158 1400 Exuit
169 1351 211 1398 ille
227 1362 318 1415 patrem
331 1355 426 1404 Brutus,
448 1348 508 1397 dum
520 1348 578 1395 civis
595 1343 677 1394 haberi

85 1413 145 1461 Vult
164 1414 224 1478 pius.
240 1426 270 1461 an
286 1410 328 1460 tibi
340 1409 392 1477 §lus
409 1409 462 1458 furit
472 1423 572 1458 munera
584 1406 707 1466 Caesaris,
722 1405 758 1456 illi

23 1523 24 1526 ,
85 1481 166 1539 Quam
180 1488 262 1524 natura
277 1474 340 1523 fuit?
356 1473 396 1526 sed
409 1471 491 1532 iustior
507 1473 568 1521 ultio
585 1469 665 1519 nostra

86 1543 209 1602 Tempore
225 1539 273 1598 iarn
287 1537 350 1588 fadla
371 1535 412 1586 est.
428 1550 473 1600 pru
488 1535 597 1587 libertate
609 1529 701 1582 vetusta

86 1606 137 1651 Tot
155 1599 297 1651 confirmata
311 1615 402 1667 magnae
413 1615 455 1664 per
466 1599 558 1648 saecula
570 1603 669 1648 Romae

87 1664 153 1729 Quid
167 1680 231 1714 nune
247 1660 331 1728 egisset
349 1670 446 1720 Brutus,
462 1664 503 1726 qui
515 1662 572 1710 talia
585 1660 662 1716 fecit,

87 1734 151 1778 Cum
169 1742 240 1780 nota.
248 1728 345 1778 libertas
359 1761 366 1784 ‚
381 1738 405 1775 et
416 1730 497 1790 Reges
511 1739 584 1788 nuper
595 1722 689 1772 abnuit

86 1796 139 1842 Hac
158 1790 283 1857 postquam
295 1791 404 1852 iuvenem
417 1784 520 1837 flexifl'et
534 1786 628 1836 Gallius
641 1799 708 1845 arte,

87 1858 154 1904 Cum
170 1858 273 1905 Decimo
301 1868 393 1902 rocerer
403 1852 490 1916 reliqui
501 1865 598 1907 uenere,
612 1848 717 1914 dataque

87 1917 271 1980 Acceptaquefi
289 1931 303 1964 e
315 1914 440 1967 sanxerunt
459 1914 559 1963 foedera
569 1914 637 1971 dira3

86 1985 118 2029 Et
130 1978 265 2029 libertatem
278 1979 403 2034 amissam,
436 1992 492 2025 nam
510 1977 627 2041 sanguiue
640 1986 707 2025 tauto

86 2046 137 2091 Tot
150 2040 221 2092 bellis
233 2040 317 2091 frustra
330 1991 488 2104 quaefilaenn
508 2053 618 2105 quaeque
629 2042 735 2087 Deorum

86 2105 197 2153 Decretis
211 2117 334 2167 nunqnam
350 2106 453 2152 reditura
464 2103 593 2166 reliquerat
606 2101 705 2157 orbem,

87 2163 196 2215 caesaris
208 2165 308 2216 infanda
321 2164 416 2230 decepti
431 2165 504 2212 caede
518 2165 650 2228 requirunt.

120 2226 223 2293 Jamque
235 2227 425 2294 propinquabant
437 2228 525 2277 Martis
535 2228 594 2285 tibi,
619 2227 727 2277 maxime
745 2220 840 2280 Caesar,

89 2293 183 2340 Fatales
199 2291 268 2349 ldus3
296 2306 339 2339 nec
356 2304 423 2341 tanta
444 2291 555 2339 instantia
567 2287 663 2355 poliunt

91 2359 184 2406 Funera
196 2356 238 2405 Dii
250 2355 342 2418 celare3
358 2354 409 2404 dier
430 2369 473 2403 nec
487 2352 585 2403 Vatibus
596 2353 639 2401 illa

89 2416 359 2484 Auguribnlqne'venire
375 2417 452 2484 potest
464 2419 564 2481 ignota3
578 2417 715 2478 loquuntur

90 2485 145 2531 Hoc
157 2480 241 2531 solitae
252 2482 375 2536 volucres,
391 2481 438 2529 lroc
449 2493 507 2528 exta
518 2479 620 2527 minacia
631 2476 720 2527 fatum.

91 2551 143 2593 llas
158 2543 212 2592 ldus
225 2543 308 2593 frustra
320 2546 414 2592 monuit
425 2545 541 2607 Spurinna
554 2539 683 2590 timendae.

88 2608 129 2653 sol
147 2619 244 2715 quoque
261 2606 351 2654 moesta
369 2606 435 2653 dedit
453 2617 535 2652 tantae
553 2602 672 2665 praesagia
686 2603 789 2661 morti53

88 2669 193 2728 Lugenti
214 2668 323 2723 tmilem,
339 2669 439 2715 madida
450 2680 514 2714 nunc
527 2665 589 2714 lride
601 2665 718 2720 cinctum.
800 2673 804 2680 ’

88 2732 161 2776 Nune
175 2741 243 2792 caput
268 2726 364 2777 obscura
384 2731 474 2777 tedium
489 2728 610 2791 ferrugine
622 2726 705 2775 Solem

86 2789 194 2837 Attoniti
210 2790 290 2840 videre
306 2790 432 2843 homines,
448 2788 716 2854 pecudesquelocurae.

23 2874 24 2877 =
85 2849 218 2903 Destituere
238 2866 322 2902 amnes
343 2851 455 2912 tursum
471 2863 597 2917 terraeque
614 2864 730 2901 taetrum

797 2909 860 2979 spui·
