1809 3150
94 97 141 148 nea
281 90 709 140 surrtamarttunr

90 170 204 235 Prodigia
219 169 347 234 implerant
360 184 460 233 campos
480 183 520 218 ant
531 172 601 228 aitra3
619 171 701 219 nullae

92 238 138 284 Vel
152 250 193 299 per
205 235 277 281 inane
288 232 351 280 futes
364 266 372 289 ,
387 235 427 282 vel
438 233 504 281 dirae
516 232 592 282 arsere
603 246 724 282 cometae.

92 307 153 348 Non
166 295 238 360 tignis
254 309 356 343 examen
369 310 455 359 apum,
479 295 641 359 liquefastave
654 297 706 360 pila

92 361 218 426 fulminep
242 374 291 407 nort
305 359 434 417 volucres,
454 372 503 407 non
515 371 571 406 erra
581 360 688 407 minacia
696 370 797 410 terrent.

92 427 150 475 Plus
165 435 248 470 tamen
264 420 303 469 hic
317 432 425 470 moerent
437 435 539 477 omnes,
554 423 691 486 metuitque
704 419 803 470 silenter

93 486 172 537 'susna
185 490 267 542 Deos,
282 496 400 548 tanquam
418 483 497 532 clades
511 484 644 532 immanior
660 483 733 532 omui

94 548 198 599 ostento
215 547 251 596 liis
267 549 370 611 campis,
382 560 409 595 ct
422 545 579 595 inenarrabile
589 545 709 597 damnum

93 613 221 662 Immineat
235 610 348 661 Mundae.
371 610 447 658 tacito
457 621 568 673 portenta
583 610 671 658 timore

94 681 162 739 Quae
175 672 234 721 nulli
247 671 325 721 fecere
337 679 417 722 Deum
430 707 437 729 ,
464 671 507 721 fibi
517 670 621 736 quisque
633 669 738 722 creabat.

93 742 122 788 ln
135 735 286 799 Pompeianis
299 749 341 799 pet
358 735 453 785 moesia
467 733 558 784 silentia
570 734 650 786 eastris

95 800 219 863 Ancipites
234 812 313 847 errant
326 799 408 848 animi.
424 814 487 848 nunc
501 798 612 863 improba
624 813 682 848 vota

93 863 257 925 Concipiunr,
273 875 298 911 et
314 859 365 925 spes
377 861 454 917 dirae,
476 859 619 927 umbraque
630 863 759 918 videntur,

93 927 243 991 Horridaque
255 938 311 974 ante
322 926 409 973 oeulos
429 925 516 973 mortis
531 923 674 975 simulachra
690 925 785 975 futurae

93 995 216 1040 Cernere:
233 987 358 1054 lymphata
374 987 450 1036 rursus
464 988 596 1037 formidine
610 990 714 1053 pallent.

95 1057 165 1108 Nec,
179 1052 291 1116 quamtis
303 1050 319 1099 s
314 1064 395 1114 perate
408 1051 482 1101 nimie
499 1050 598 1100 fortuna
609 1050 708 1102 vetabat

92 1113 217 1169 caesariei
230 1124 346 1180 exoptant
358 1114 431 1163 eistat
447 1114 578 1177 producere
587 1114 657 1164 vitae.

94 1177 183 1230 Danda
195 1189 279 1225 tamen
291 1177 360 1226 venia
371 1175 405 1225 esl
414 1178 480 1235 illis,
497 1192 552 1226 cum
565 1177 674 1228 Caesaris
687 1179 768 1232 audac

94 1243 164 1292 llella
178 1241 248 1290 timet
261 1240 334 1290 miles
345 1274 354 1297 ,
374 1240 469 1289 Latium
480 1242 521 1304 qui
532 1239 603 1304 saepe
615 1255 727 1292 cruorem

95 1302 231 1360 Hausctat3
245 1317 270 1352 et
280 1304 368 1368 patriae
380 1304 456 1352 toties
467 1303 491 1351 in
509 1304 597 1353 viscera
611 1303 690 1356 fortet

96 1370 217 1433 Incipiunt
235 1366 353 1432 trepidare
366 1379 458 1414 manue.
474 1369 592 1416 exereitus
603 1365 671 1416 orbit

97 1433 144 1482 llle
157 1430 298 1494 triumphati
310 1429 432 1486 domitor,
447 1429 523 1478 vietor
537 1431 570 1477 'ue
581 1433 680 1479 Senatus

97 1495 229 1550 Romani,
246 1494 290 1557 qni
303 1505 353 1542 tam
363 1506 477 1556 praeceps
492 1444 595 1542 intiiella
606 1491 687 1542 ruisset

97 1556 226 1612 Thessala,
242 1555 425 1669 Thapsraeisque
437 1553 505 1605 ausus
515 1569 665 1620 praevertere
676 1555 769 1621 campie

96 1619 163 1687 Jussa
177 1620 264 1673 Ducis,
278 1620 326 1676 iam
346 1623 370 1681 jn
390 1634 403 1667 a
417 1620 501 1676 timet,
517 1620 673 1684 sonitumque
683 1621 808 1677 tubartnae

99 1688 153 1736 Nec
166 1682 210 1733 fibi
223 1681 345 1732 desuetum
359 1684 423 1746 potia
439 1682 472 1731 cst
483 1686 560 1733 celare
570 1684 695 1733 timorem,

131 1747 175 1798 Sed
188 1746 267 1796 minus
280 1760 306 1795 ut
319 1746 383 1807 vulpi
395 1744 495 1809 pauidos
507 1748 595 1796 mirere
608 1748 741 1807 turnultus,

98 1811 184 1863 Tristis
195 1810 224 1858 ad
237 1810 296 1860 lraec
309 1809 397 1860 Caesar
408 1807 514 1859 funestae
526 1810 614 1873 praelia
627 1809 734 1860 Mundae

99 1873 153 1938 lpse
164 1874 237 1924 venit.
252 1872 366 1923 consueta
377 1870 441 1921 deest
456 1871 542 1922 fiducia
554 1905 561 1926 ‚
583 1887 614 1920 ne
625 1872 694 1922 stone

99 1940 146 1988 llla
158 1936 220 1986 Duci
232 1935 281 1992 esi,
297 1950 328 1985 ex
340 1950 388 2002 qua
404 1936 478 1985 toties
495 1937 577 1985 felicia
588 1935 649 1986 belli

100 2007 166 2051 Ante
179 1997 248 2048 tubas
260 1997 342 2048 hilaris
355 2000 441 2048 tolerat
454 1996 574 2064 praesagia
586 2001 670 2051 milen

100 2063 202 2114 Lubrica
212 2060 317 2110 fortassis
333 2060 427 2110 moesto
439 2073 497 2109 tune
511 2063 607 2125 pestore
618 2062 684 2112 dona

99 2130 219 2176 Fortunae
237 2122 390 2186 expendens,
410 2123 556 2189 quantisque
573 2126 664 2190 agitata
675 2122 791 2190 procellis

100 2184 152 2237 Sint
163 2187 321 2234 humanatum
336 2184 467 2234 metuenda
480 2188 604 2236 cacumina
615 2200 713 2245 rerum,‘

100 2255 146 2301 Per
160 2260 198 2297 tot
214 2253 241 2298 M
275 2262 362 2297 norum
379 2262 440 2311 quas
454 2248 545 2299 fecerat
557 2249 606 2314 ipse
622 2252 702 2301 minae

100 2311 239 2366 formidare
267 2326 323 2360 uam
334 2311 412 2361 discit.
425 2310 508 2362 felicia
519 2315 605 2379 Magni

45 2430 48 2435 ‚
101 2382 225 2439 Tempora
236 2376 389 2434 dinumerat3
405 2387 491 2439 totque
505 2379 626 2426 inviolata
638 2390 680 2438 per
694 2392 773 2427 annot

101 2438 246 2503 Prospetitas
257 2475 265 2498 ,
279 2437 412 2505 similisque
423 2438 491 2497 suae,
506 2438 624 2490 Pharsalia
635 2440 715 2490 donec

103 2508 168 2553 Tam
181 2504 266 2577 longas
277 2504 363 2552 evertit
408 2518 448 2558 et,
462 2504 488 2551 in
501 2516 582 2552 mente
595 2504 704 2556 recursat.

102 2570 134 2615 Et
149 2571 234 2629 Magnr
246 2564 342 2622 casem,
355 2581 387 2631 po
407 2579 481 2629 quam
500 2567 595 2633 fastigia
611 2570 697 2632 Magni

102 2630 237 2692 Attigerat,
252 2631 301 2687 jam
313 2627 361 2677 visa
372 2632 433 2678 levir
451 2635 557 2678 Fortuna
567 2632 662 2679 minati.

102 2694 170 2739 Haec
184 2690 275 2739 moeste
292 2704 385 2754 reputat
397 2692 501 2749 caesar,
522 2705 681 2756 mentemque
694 2692 824 2746 labantem

103 2753 226 2815 corripit,
243 2754 315 2801 iratus
328 2757 399 2802 tacite
407 2772 415 2810 3
436 2755 583 2819 tandemque
594 2755 707 2806 cohortes

104 2816 248 2880 Alloquitur
258 2816 325 2866 vultu
335 2830 433 2877 caecum
443 2819 539 2869 celante
550 2819 676 2870 timorem.
838 2881 859 2931 n

683 2891 686 2895 ’
775 2892 777 2895 ’
806 2885 838 2933 Be
861 2894 887 2951 oq
