1809 3150
182 79 241 149 M.
268 38 492 152 turturi
529 79 758 167 nucarii

290 189 344 292 V
400 195 421 291 1
480 194 531 294 T
589 205 662 321 A,

208 337 268 403 Ex
283 328 502 406 Commendatio
522 346 729 433 antiquifflmo.

79 452 130 536 M
158 459 278 508 nonme
290 462 400 508 Lucanus
417 470 513 522 partem
527 455 609 507 lubuit
621 464 659 511 M.
672 465 798 516 Annaeum
810 470 871 519 Me.

133 519 202 570 'lam
214 536 248 571 ex
262 520 386 586 provincii
399 519 497 571 Baetici
505 521 634 584 Hispaniae
645 525 871 582 interioriscordu·

77 581 173 637 bensetn
186 586 306 649 Equitem
323 589 400 635 Rom.
414 582 531 634 illustrem
543 588 605 634 inter
618 584 692 644 suunt
718 604 803 640 notum
815 598 870 644 llo·

74 662 144 707 mae,
160 649 186 696 dt
199 660 302 714 propter
315 651 428 698 Senecam
441 645 557 705 frantrn,
571 650 663 700 clatum
675 665 718 715 pet
729 668 814 705 omnes
820 657 869 707 vit·

73 723 134 763 tutes
145 713 249 769 ritum,
272 715 299 762 δι
320 724 417 778 propter
429 709 532 759 studium
548 712 613 760 ritae
624 715 749 776 quietioris
766 738 774 777 ⁵
795 719 863 785 quod

72 773 186 839 sequens,
209 777 292 840 magis
304 774 319 824 i
335 776 405 824 turba
416 773 556 832 recedebat,
569 776 648 824 minut
661 778 763 833 latebat.
806 787 864 833 Ma·

74 848 133 888 trem
146 838 232 888 habuit
245 842 274 888 δι
287 839 392 904 regionis
406 836 511 897 ejusdem
524 870 531 892 ‚
552 850 577 887 et
600 838 678 898 urbis,
694 844 799 892 Aciliam
812 860 863 895 no·

73 903 151 959 mitre,
168 903 245 950 Acilii
259 905 350 951 Lucani
361 900 456 958 liliam,
471 902 573 950 oratoris
585 916 672 977 operae
685 905 746 968 apud
758 920 865 970 pronon·

70 957 132 1014 soles
144 966 300 1027 frequentia,
316 968 342 1015 dr
356 965 419 1027 apud
432 963 577 1013 clarislimos
590 981 655 1014 vrtos
669 972 862 1021 nonnulliusin·

69 1030 148 1091 getii,
163 1028 229 1077 adro
241 1043 295 1076 non
309 1027 498 1093 improbandus,
515 1041 539 1075 ut
552 1025 674 1092 inscriptis
689 1031 808 1096 aliquibus
817 1035 863 1082 lo·

68 1093 108 1139 die
122 1106 226 1155 quoque
235 1092 305 1141 duret
317 1092 366 1149 eius
381 1092 516 1140 memoria:
533 1093 597 1152 cujus
613 1107 752 1157 cognomen
765 1095 863 1146 huicin·

68 1154 151 1202 ditum
163 1168 273 1218 apparet.
309 1158 388 1204 Natus
402 1154 437 1203 est
452 1171 487 1202 ιιι.
497 1158 562 1202 Nor.
575 1153 701 1206 Novemb.
715 1162 744 1206 c.
760 1156 863 1210 caesare

69 1215 177 1283 Anguilo
191 1218 343 1267 Germanico
358 1236 385 1266 ιι.
399 1223 427 1266 L.
439 1215 557 1266 Caeliano
573 1234 595 1267 ι.
608 1217 672 1271 Coss.
697 1219 862 1286 sedinpatrla

67 1281 108 1329 sua
126 1296 177 1329 non
191 1282 269 1330 valuit
281 1281 392 1330 educati:
414 1281 533 1335 fatorum,
552 1281 640 1339 credo,
653 1280 772 1341 deetetis,
793 1298 820 1335 ut
832 1286 860 1336 id

67 1344 215 1407 ingenium,
241 1344 309 1408 quod
324 1342 496 1393 Orbem‘fama
509 1342 542 1392 sui
555 1344 711 1408 impleturum
732 1346 861 1408 ctescetet,

66 1406 92 1455 in
104 1406 215 1456 domina
226 1407 312 1456 mundi
325 1409 426 1456 aletetut
438 1405 504 1463 urbe.
534 1408 655 1458 odarum
672 1411 738 1458 enim
750 1411 861 1463 mensem

66 1484 143 1536 agens
162 1476 275 1519 Romam
287 1469 414 1520 transsatus
424 1469 465 1520 est.
489 1485 514 1519 at
526 1484 558 1518 ne
576 1468 655 1534 dispar
674 1484 774 1523 eventus
791 1475 860 1527 ineo

66 1546 208 1583 nutaretur
223 1534 274 1593 eius
293 1535 336 1599 qui
352 1534 378 1584 in
397 1532 503 1583 Hesiodo
515 1531 630 1592 refertur,
645 1547 700 1585 cum
713 1537 861 1601 opiniotune

64 1613 116 1647 non
127 1596 251 1647 diffimilis
270 1612 384 1648 maneret.
401 1596 604 1654 eunomianus,
625 1599 710 1662 quibus
728 1600 858 1663 ferebatur.

64 1676 124 1728 apes
134 1660 363 1720 circumvolitant,
385 1658 460 1727 osque
475 1659 574 1710 insidere
587 1662 736 1726 complures,
751 1679 792 1717 aut
805 1668 859 1719 dul.

63 1740 123 1775 tem
136 1726 187 1785 iam
201 1740 255 1775 utm
273 1725 380 1789 spiritum
390 1726 441 1784 eiua
453 1724 634 1782 inhaurierrer,
649 1734 688 1776 aut
700 1726 856 1795 foecundum,

64 1791 93 1840 dt
106 1790 205 1852 qualem
217 1804 281 1839 nunt
296 1788 476 1844 existimamus,
490 1786 770 1853 futurumfignificaurer.
788 1798 858 1846 l’ltie·

64 1851 207 1917 ceptotibus
221 1868 279 1902 tunc
289 1850 482 1903 eminentrllimis
499 1848 533 1900 esi
544 1850 649 1901 eruditur
664 1887 671 1910 ,
687 1854 777 1921 eosque
792 1860 856 1911 intra

63 1914 136 1967 breve
150 1916 272 1978 temporis
284 1912 385 1980 spatium
398 1913 667 1979 ingenioadtequarit:
684 1919 730 1967 uni
739 1918 853 1974 rerustu·

63 1978 153 2028 deuter
171 1977 290 2042 superavit
306 1975 460 2042 profestibus.
501 1978 657 2027 Declamavlt
674 1982 699 2030 δι
717 1984 808 2036 Graeci
827 1989 855 2039 dt

62 2043 151 2093 Latine
163 2056 223 2092 eum
234 2056 324 2105 magna
337 2041 498 2090 admiratione
510 2040 654 2091 audientiae.
671 2043 710 2092 Ob
721 2049 785 2110 quod
796 2061 854 2114 pue·
870 2073 873 2076 ¹

63 2106 102 2154 rili
115 2118 216 2155 mutato
227 2105 255 2153 in
267 2106 418 2154 senatorium
430 2104 520 2153 cultum
532 2138 540 2161 ‚
556 2105 582 2153 dr
594 2104 619 2151 in
633 2109 747 2158 notitiam
766 2111 859 2161 caesa·

62 2170 95 2217 ris
108 2169 216 2218 Neronis
229 2165 299 2216 sacili
312 2168 433 2231 pervenit,
452 2170 478 2215 &
489 2168 582 2216 honore
596 2165 635 2215 vix
647 2166 705 2219 dum
719 2176 790 2223 aetati
806 2174 850 2224 de·

62 2228 117 2286 bito
128 2229 346 2296 diguuriudicatut
362 2229 404 2284 est.
444 2228 521 2279 Geffit
534 2242 616 2278 autem
635 2233 807 2296 Quaestutam:
824 2240 851 2289 in

64 2307 110 2358 qua
122 2310 181 2344 eum
200 2295 316 2358 collegis,
328 2309 397 2343 more
406 2304 460 2342 tuuc
471 2291 571 2351 usitato,
585 2308 672 2343 munus
678 2298 851 2363 gladiatorium

61 2358 156 2414 edidit,
173 2357 279 2406 secundo
299 2357 382 2420 populi
396 2355 488 2404 favore.
518 2355 679 2407 Sacerdotium
697 2364 770 2413 eriam
782 2379 853 2415 actea

63 2422 94 2484 pit
108 2433 251 2485 auguratus.
282 2419 524 2484 Equidemlradleuut
532 2421 728 2483 temporahabuit
736 2423 845 2487 secunda.

62 2488 129 2549 Quae
144 2480 266 2533 autemst
286 2497 387 2537 numni,
401 2496 493 2532 mutata
507 2483 597 2532 invidia
615 2485 639 2532 dt
654 2487 713 2536 odio
728 2492 848 2550 Neronis,

2 2562 5 2586 t
62 2546 102 2611 ipsi
116 2547 238 2605 exitium,
266 2494 406 2595 domesticis
424 2546 513 2596 ludium
533 2543 696 2598 miserabilem
710 2551 848 2603 attuleruut.

63 2614 127 2662 lutet
140 2612 237 2660 amicos
253 2611 319 2658 enim
336 2605 463 2666 caesaris,
481 2608 546 2672 quod
570 2621 620 2659 tam
635 2611 772 2677 conspicuus
780 2616 850 2665 lieret

64 2675 185 2737 profeant
200 2674 226 2722 in
237 2675 353 2736 poetica,
370 2671 508 2735 frequentet
520 2667 692 2724 offendebatur.
720 2679 849 2738 Quippe&

64 2738 197 2789 netramiue
215 2737 380 2800 peuta'e'terico
397 2736 466 2788 adio,
481 2734 506 2781 ln
518 2737 627 2798 Pompeii
640 2734 734 2783 theatro
747 2738 850 2787 laureis,

65 2801 179 2852 tecitante
193 2803 310 2858 Notene,
337 2798 417 2850 fuerat
433 2808 560 2845 coronatus
574 2828 581 2851 ‚
599 2798 624 2845 δι
637 2811 667 2843 ex
679 2807 788 2854 tempore
803 2798 851 2838 Ot-

107 2880 122 2915 a
137 2863 256 2926 scriptum
272 2861 297 2910 iu
310 2864 504 2925 experimentum
517 2857 609 2920 ingenii
628 2854 749 2906 edideram
767 2856 791 2899 &
801 2863 851 2895 tres

65 2863 135 2982 Rieu
151 2925 241 2993 quales
252 2923 371 2976 videmus.
404 2925 484 3014 032st
495 2916 621 2965 inimicum
641 2910 754 2960 libifecir
771 2917 854 3011 ¹⁸¹¹}ss

478 2993 490 3034 3
