1809 3150
60 128 108 173 312
226 114 665 164 sustentaturum

59 189 169 256 Pompeii
189 203 248 241 nato
269 190 367 254 gladios
382 205 445 255 quae
463 204 525 241 terta
545 188 657 256 negabit?

60 259 130 318 Qum
142 252 187 303 tibi
200 271 250 304 non
263 253 346 304 clasles
362 256 452 316 (armis
466 265 551 318 pacata
562 253 686 317 paternis)

59 322 166 381 AEquora
177 316 340 383 ptaebcbuntdl
362 317 436 367 hollis
450 329 474 366 te
487 316 577 365 viribus
591 331 693 381 aequum

60 386 143 431 Tanta
155 380 214 430 facit
226 379 308 438 sama,
323 392 347 428 et
362 379 455 429 mundo
470 378 608 428 venerabile
622 394 720 429 nomen.

62 444 87 493 Si
102 442 158 492 libet
177 443 298 494 occiduos
312 443 384 492 Orbis
397 455 490 492 tentare
504 437 619 497 recess'us,

63 505 231 571 Hispanosque
245 520 337 555 armare
351 518 446 561 truces,
469 518 510 553 tua
525 501 594 568 figna
608 503 717 566 sequetur

63 566 201 624 Cantaber,
223 582 248 618 et
262 570 342 617 Celtis
359 565 459 618 sociatus
471 582 562 615 nomen
574 565 673 627 iberum

63 634 96 682 Bt
114 643 165 679 tota
186 632 310 680 Herculeis
325 629 398 694 pubes
410 645 423 679 a
437 629 544 679 Gadibus
557 662 565 685 ‚
576 631 644 678 altos

59 693 100 745 nd
115 698 259 757 Pyrenaeos,
275 706 432 757 extremaque
444 695 528 742 littora
539 690 634 742 mundi.

62 756 87 806 Si
101 756 162 806 nihil
175 756 277 806 omnino
293 759 383 822 patriae
396 754 528 805 miseranda
540 765 654 804 moveret

62 818 175 870 Afflistae
186 818 276 877 facies,
298 819 315 868 ii
333 820 368 868 nil
382 821 501 868 moritura
512 829 624 867 moveret

63 881 189 938 Libertum
208 880 331 947 poilesque
344 883 428 931 hilaris
442 880 529 931 servire
541 894 662 991 typanuo:

64 949 103 994 Te
115 948 208 1009 privata
220 958 303 995 tamen
315 946 419 995 facerent
433 946 499 993 mala
517 948 569 994 Cae
580 946 626 992 aris
639 944 744 998 hostem.

63 1009 88 1057 Si
102 1021 170 1073 patet
181 1023 246 1058 arma
262 1022 316 1056 tuus
336 1023 380 1073 pro
393 1006 505 1057 libertate
523 1005 637 1072 gerebat,

67 1073 157 1122 Nullus
168 1072 192 1121 in
206 1071 332 1121 AEmathiis
347 1073 416 1136 plus,
433 1085 507 1135 quam
519 1084 561 1128 tu,
576 1071 680 1133 perdidit
694 1070 779 1123 misc

64 1135 110 1184 Sed
124 1133 197 1185 fibisr
215 1137 312 1201 genitor
326 1149 413 1198 campo
426 1135 543 1200 pugnavit
559 1134 585 1181 in
596 1135 661 1193 illo,

65 1198 146 1248 multo
158 1195 210 1246 sune
222 1212 264 1246 tua
277 1196 367 1245 damna
384 1197 434 1246 illic
447 1197 556 1256 majora,
570 1195 668 1261 tibique

67 1259 174 1311 Abstulit
186 1261 319 1326 Imperium
336 1261 438 1309 niuosis
458 1257 568 1310 Caesaris
579 1257 654 1311 orbis.

69 1322 117 1373 Sed
129 1322 208 1380 bona,
225 1338 287 1388 quae
299 1323 406 1372 moriens
421 1323 525 1371 Genitor
537 1323 581 1371 tibi
592 1337 648 1373 vera
661 1323 783 1389 reliquit,

71 1391 131 1436 Sunt
144 1380 208 1436 tltae
219 1387 376 1450 exemplum,
398 1397 421 1433 et
439 1385 556 1451 gestarum
568 1386 676 1437 imitatio
685 1403 781 1451 renam,

70 1456 140 1500 Haec
152 1450 197 1501 tibi
207 1462 338 1515 perpetuo,
353 1463 414 1514 quae
427 1464 477 1497 non
490 1446 566 1496 invisa
578 1451 683 1514 poteslas

71 1514 196 1571 Caesaris,
212 1525 252 1561 aut
266 1511 365 1561 fortuna
377 1511 453 1576 potest
466 1510 572 1571 auferre,
594 1511 737 1566 manebunt.

70 1575 204 1629 Labentem
218 1577 321 1626 Patriam
331 1576 421 1625 teneris
437 1572 535 1640 suscepit
548 1576 578 1626 ab
589 1579 678 1632 annis.

69 1641 160 1691 Nullus
171 1638 352 1696 adhuctitulis,
375 1640 494 1704 nulloque
508 1638 606 1707 insignis
623 1641 737 1696 honoret
758 1695 761 1700 ¹
828 1676 836 1685 .

69 1708 125 1756 Nec
137 1705 198 1754 vites
217 1700 301 1752 habuit
316 1699 359 1751 nist
376 1716 436 1766 quas
451 1703 539 1752 virtute
552 1706 652 1767 paravit.

70 1771 180 1831 Quantos
196 1766 239 1817 ille
254 1769 333 1815 Duces
348 1766 446 1824 juvenili
460 1765 545 1815 ardore
559 1765 669 1833 subegit,

71 1836 137 1881 Com
158 1831 230 1881 Marii
245 1829 364 1878 moestam
385 1825 505 1877 lacerasset
520 1828 597 1880 sasiio
614 1836 737 1888 Romam,

70 1898 103 1945 Et
119 1892 228 1945 miseram
243 1891 338 1941 alfiduis
351 1888 471 1955 implesset
487 1892 596 1943 caedibus
610 1891 714 1943 urbem!

69 1962 137 2017 Quot
154 1971 207 2007 tum
222 1969 266 2030 pto
283 1954 358 2019 patria
373 1952 457 2004 felicia
470 1953 536 2005 bella
551 1955 656 2022 peregit!

65 2022 134 2071 Illius
147 2019 255 2086 auspiciis
266 2016 344 2066 audax
360 2014 393 2064 eu
407 2016 489 2066 carbo
501 2032 646 2085 peremptus,

67 2088 99 2133 Et
109 2084 194 2133 cecidit
206 2082 274 2130 tertis
286 2079 402 2127 Sertorius
414 2082 470 2129 exul
483 2079 565 2134 iberis.

68 2149 217 2197 Praeclarum
229 2140 320 2204 Libyco
337 2139 443 2206 (dignus
454 2155 512 2192 tunc
524 2146 625 2195 nomine
639 2139 745 2210 Magni)

66 2210 144 2260 Duxit
159 2207 171 2274 (
178 2206 254 2256 adhuc
267 2209 393 2253 Romanus
408 2209 507 2269 Eques)
524 2207 555 2258 de
568 2214 635 2275 Rege
648 2204 817 2272 triumphurn.

69 2277 137 2323 llaec
151 2271 224 2331 seclt,
244 2266 401 2331 nondumque
413 2277 469 2317 tuos
482 2270 608 2321 excesserat
621 2285 706 2321 annos.

69 2336 115 2385 Sed
133 2347 159 2385 tu
173 2350 214 2385 cur
228 2331 323 2395 Libycis
340 2327 428 2378 resides
442 2332 547 2395 privatus
559 2336 584 2383 in
601 2335 665 2385 orisi

71 2400 148 2449 Unius
159 2398 273 2448 auxilium
286 2394 384 2444 dextrae
397 2393 512 2457 praestate
523 2397 615 2446 valebit

69 2462 117 2512 liic
129 2473 223 2512 tantum
237 2459 338 2509 Patriae.
354 2459 437 2520 procul
452 2456 509 2507 lrinc
527 2472 553 2507 tu
567 2460 657 2526 collige
668 2456 749 2517 vires,

66 2527 99 2573 Et
111 2524 219 2576 libertati
233 2523 326 2572 Duslor
338 2515 442 2567 succurre
453 2519 564 2571 cadenti:

68 2589 114 2636 vel
127 2587 226 2653 dignam
240 2585 315 2634 tantis
327 2580 455 2630 Natalibus
468 2597 555 2647 oppere
567 2597 682 2635 mortem.
749 2583 753 2594 ‘

66 2650 112 2699 Nil
126 2662 209 2699 contra
220 2647 328 2709 juvenis3
350 2640 389 2691 sed
400 2655 519 2709 tanquam
531 2651 612 2697 Roma
627 2646 734 2698 Catonis

64 2717 102 2763 Ex
117 2729 160 2763 ore
176 2709 323 2764 admoneat,
341 2718 484 2768 promantve
501 2712 604 2760 oracula
615 2724 716 2770 vocem,

9 2813 11 2842 s
64 2773 212 2839 obsequitur
222 2772 290 2821 citius
302 2768 383 2825 disto,
404 2781 429 2818 et
441 2767 501 2819 dans
516 2772 610 2822 carbasa
629 2773 709 2823 ventis

65 2837 207 2905 Digreditur
218 2831 316 2899 Libycis
332 2843 458 2896 utinquam
471 2833 589 2889 rediturus
601 2835 632 2890 ab
645 2837 713 2897 otis,
822 2903 847 2955 υ

871 1 894 121 1

8 3053 89 3129 Ι
