1809 3150
188 147 623 215 wnummulum.
769 179 813 229 εις
897 238 898 241 ,

16 220 181 286 Pompeiana
193 227 260 288 petit.
278 243 362 280 contra
375 233 436 284 h'unc
449 237 480 286 ad
492 239 565 290 calita
578 247 664 297 tuenda

15 290 56 334 Ex
70 287 137 333 anie⁴
148 286 230 338 educit
248 289 367 344 Labienus
379 299 484 362 quinque
496 303 616 357 cohortes.

15 346 136 397 Perdidit
150 350 238 400 infelix
249 357 390 420 Pompeium
409 361 449 410 hic
463 362 540 420 casus,
557 381 581 417 tt
595 385 668 422 omne

16 412 134 458 Mutavit
148 411 213 462 belli
225 413 310 467 fatum.
331 435 376 483 pto
389 423 490 482 Caesare
501 427 574 478 falsus

13 476 37 521 It
49 473 153 529 timot,
170 478 199 524 de.
215 479 304 528 cunetis
317 482 438 534 Labienus
450 499 517 552 terga
529 491 618 543 dedifl'e

15 535 142 583 Creditur
150 554 159 594 5
178 539 224 588 illa
237 538 292 590 suos
304 542 407 595 debellat
424 551 527 611 opinio,
542 554 653 621 spemque

13 598 152 647 Caesareis
166 612 239 652 creat.
257 619 362 655 ettonem
378 612 527 670 monstrate,
541 631 661 671 metumve

13 662 132 710 Tantum
144 661 254 712 inhibete
267 666 343 717 studet
358 669 442 721 ftussta
455 681 583 741 Pompeius
594 699 603 740 3
618 684 704 738 ccctbo

12 724 124 772 l’todita
137 722 234 790 diffugit
246 729 298 779 casu
313 731 447 785 miseranda
459 739 573 796 iuventus.

44 785 146 835 Infelix
160 794 234 838 vatus
245 794 319 843 toties
331 795 436 846 devictus
447 799 477 849 ab
487 805 562 856 ¹amnis

13 847 167 909 caelatus,
187 866 260 917 quem
273 866 313 905 tot
324 872 366 924 pet
378 861 453 910 clades
466 862 516 913 fata
534 867 653 933 tulill‘ent,

14 908 75 972 Jam
88 914 159 961 male
171 911 288 967 servatam
301 923 398 984 cupiens
410 922 550 992 abrumpere
563 936 638 985 vitam

13 976 91 1024 lttuit
104 975 131 1023 in
144 977 238 1027 medios
252 981 332 1039 enses,
348 985 374 1031 in
387 988 487 1037 vulnera
499 994 575 1044 laetus

16 1037 94 1086 Mille
109 1039 159 1087 tuit
171 1041 293 1100 mutiens3
308 1045 361 1109 post
371 1059 408 1096 tut
420 1055 550 1102 tentamina
562 1059 625 1108 cladi

15 1102 81 1150 Huic
98 1097 218 1163 supettffe
233 1106 324 1168 pudet,
339 1113 484 1176 tumuloque
499 1116 575 1168 deesse
585 1123 705 1176 vitutum.⁴

46 1168 84 1212 At
101 1162 176 1212 miset
188 1178 214 1214 ut
226 1170 285 1217 totis
298 1170 391 1220 rediens
403 1175 522 1228 Labienus
535 1181 561 1230 in
574 1187 640 1235 attis

16 1226 227 1290 Pompeianotum
239 1231 298 1279 vidit
309 1232 426 1298 fugientia
440 1236 522 1303 signa,
698 1299 700 1304 f

16 1291 184 1353 Ettotcmque
196 1289 265 1342 limul
277 1293 377 1345 fatalem
390 1297 525 1361 audiverat,
541 1320 624 1357 amens

17 1353 62 1398 Me
77 1350 195 1401 misctum
209 1358 343 1408 exclamat!
361 1371 457 1421 tantae,
473 1363 586 1429 fottuna,
600 1371 681 1422 ruinae

17 1414 139 1464 Mesatis
152 1417 295 1467 authorem?
324 1436 350 1471 et
361 1437 402 1472 me
414 1426 522 1476 trudebat
531 1430 580 1481 fata

17 1475 156 1526 Ausoniam
167 1475 292 1545 subigunt?
306 1435 351 1533 dac
363 1485 407 1534 hac
419 1486 485 1550 luge-
493 1491 586 1554 ptodite
598 1496 682 1557 miles,

18 1542 72 1590 Hoc
85 1540 154 1605 apeti
167 1543 260 1607 pectus,
275 1545 413 1613 ttilletuqut
425 1550 537 1605 ulciscete
549 1558 675 1610 clademt‘

19 1607 66 1651 Aut
80 1617 174 1669 poenas
186 1603 279 1656 sument
297 1624 344 1675 pto
355 1610 426 1662 vobis
441 1615 550 1667 caesaris
561 1622 636 1671 enses.

18 1666 81 1715 Tum
94 1681 170 1725 veto,
192 1682 217 1719 ut
236 1675 289 1719 Leo
303 1675 395 1723 Getulis
407 1675 433 1725 iu
445 1674 544 1729 saltibus
557 1684 657 1744 amens,

40 1729 63 1776 ui
79 1740 225 1781 venatotum
239 1734 297 1783 telis
308 1736 476 1810 tingentibus,
491 1743 555 1792 ultro

17 1794 38 1837 A
67 1792 98 1841 lit
112 1794 139 1841 in
155 1792 262 1852 fertum,
282 1795 330 1847 sese
347 1801 431 1863 ingerit
444 1800 492 1864 ipse
505 1807 615 1866 peticlis,

17 1856 47 1902 Et
58 1855 149 1919 cupide
160 1857 236 1907 letum
250 1860 333 1923 gladio
344 1863 444 1911 molitut
457 1863 493 1912 ub¹
504 1871 581 1919 omni.

17 1917 131 1966 Tandem
143 1919 193 1968 vita
211 1919 274 1986 fugit
288 1925 382 1989 Stygias
393 1926 452 1974 itata
465 1925 506 1975 sub
520 1930 624 1984 umbras.

46 1979 105 2042 Jam
117 1983 205 2047 Sttagis
221 1987 342 2044 cumulos,
363 1998 388 2035 ct
401 1986 553 2045 ineluctabile
568 1994 682 2048 damnum

17 2041 115 2093 Viderat
134 2045 219 2096 infelix
234 2049 328 2097 tumulo
343 2051 470 2161 Pomqejus
484 2053 513 2101 ab
528 2057 595 2113 alto,

17 2107 44 2151 Et
56 2110 172 2170 quamvis
183 2112 263 2160 lucem
275 2111 390 2168 damnat,
413 2124 495 2176 petate
508 2117 623 2177 'juventus
646 2134 648 2138 ·

15 2169 112 2232 Integra
124 2171 263 2234 petsuadet3
280 2175 452 2248 necquicquam
467 2191 481 2224 a
496 2181 598 2232 tristibus
610 2187 674 2239 attis

17 2230 132 2294 Aufugit,
147 2235 192 2284 beu
206 2249 266 2284 tetta
280 2235 359 2284 statim
371 2252 499 2289 moriturus
512 2244 537 2291 in
550 2245 601 2296 ista.

17 2291 58 2340 Sed
71 2296 172 2346 ftattem
186 2297 301 2362 Hispanas
312 2296 459 2349 abscondent
471 2302 520 2352 fata
533 2321 574 2370 pet
588 2310 675 2374 utbts,

17 2352 114 2406 Caesaris
127 2372 152 2407 ut
164 2359 234 2424 possit
246 2360 298 2424 post
315 2374 421 2410 mortem
434 2364 513 2421 tristia
527 2370 602 2421 tuclus

14 2418 96 2476 tella,
111 2433 135 2469 et
149 2427 276 2473 Romanos
293 2424 354 2472 olim
365 2438 478 2475 renovate
492 2429 592 2483 futores.

40 2484 124 2546 impia
136 2485 186 2545 iam
198 2486 281 2535 caedes
294 2487 386 2542 utitur,
404 2487 536 2556 putumque
553 2511 595 2560 pet
608 2514 681 2565 agros

12 2543 121 2593 tuentes
139 2548 241 2597 caedunt
251 2546 336 2596 insano
350 2548 434 2598 atdote
446 2551 553 2605 furentes

14 2606 140 2667 Caesarei,
157 2615 184 2661 δι
196 2624 264 2660 tanto
280 2611 381 2660 satutant
394 2613 511 2666 crudelius
522 2620 569 2670 itas

13 2669 135 2728 littores,
152 2689 242 2739 quanto
253 2674 306 2738 plus
317 2673 392 2723 tristia
404 2674 464 2725 bella
480 2679 601 2734 timebant

11 2737 71 2782 Ante
94 2734 164 2785 tubas
176 2736 273 2785 dudum.
292 2741 345 2785 Nec
356 2739 406 2810 jam
417 2738 561 2802 fugientibus
575 2750 650 2799 ullam

10 2798 109 2845 Vicinne
122 2797 238 2854 latebrae,
256 2799 294 2848 vel
306 2805 451 2862 Pompeiana
472 2801 573 2858 salutem
664 2821 668 2825 ’

8 2848 91 2912 'Castu
101 2859 192 2913 dabant
202 2860 311 2921 miletis,
330 2863 455 2992 infittmlave
466 2873 568 2923 moenia
579 2872 690 2930 mundae
732 2948 757 2994 N
797 2942 800 2947 ἱ

426 2944 440 2984 t
759 2958 798 2998 tm

836 3032 899 3122 Δ
