1809 3150
19 1 148 15 rvr—v

230 109 624 167 recantarunt.
769 123 820 179 san

19 202 48 251 Α
61 211 87 250 re
102 211 169 265 qnae
179 193 244 248 fusca
256 199 351 262 AEgypti
364 195 498 248 lucentibus
513 211 570 247 arra

19 262 127 315 irradias
140 260 237 317 oculis,
262 273 286 310 et
299 261 463 326 splendidiora
475 267 590 310 Deorum
637 266 642 274 '

22 327 132 378 Tramite
143 321 260 382 coelesti,
277 327 316 374 cui
337 327 414 377 lustra
426 327 526 374 nomina
552 321 643 373 Graeci

24 389 127 455 Antiqui
145 386 264 446 tribuere,
280 388 370 438 facies:
392 387 442 438 fine
461 403 509 453 qua
521 388 583 437 mihi
596 386 671 435 telius

23 455 101 504 Nulla
114 453 213 517 placet,
228 451 293 501 triste
306 452 408 502 exilium
421 457 505 501 Roma
520 450 571 514 ipsa
586 449 689 499 ridetur.

24 516 69 566 Sed
84 530 132 566 non
150 514 208 564 hinc
222 517 317 579 majora
333 529 423 565 nocant
436 515 587 571 certamina5
602 511 714 564 nondum

24 581 115 645 Arrigit
129 577 211 642 optati
225 577 312 629 Caesar
326 578 422 644 fastigia
434 580 510 642 regni.

25 649 137 708 Qantos
153 638 225 690 debet
239 641 317 692 adhuc
335 641 406 692 nobis
418 647 526 692 Fortuna
538 637 694 705 triumphus!

25 712 174 772 Quantaque
187 705 280 764 civilis,
294 705 362 770 quod
374 703 461 761 reflat,
479 705 586 768 praemia
597 703 656 754 belli

26 775 81 829 Te,
110 771 261 881 Cleobpatra,
275 769 390 822 manent!
405 768 513 818 formam
528 768 592 818 hanc
614 763 768 819 venerabitur
779 774 820 817 ot·

186 846 206 880 rs
488 872 490 875 ,

28 895 158 947 sideream.
173 891 275 944 Australi
288 894 372 960 populi
385 895 429 960 qui
441 897 525 955 littore
537 893 627 959 degunt
640 927 647 950 ‚

30 965 59 1010 Er
71 972 195 1023 nunquam
209 962 309 1007 Oceano
328 959 447 1023 fulgentia
462 957 563 1024 plaustra
585 962 681 1007 Bootae

31 1021 107 1073 Mersa
120 1022 215 1071 ridentr
239 1032 263 1070 et
276 1036 338 1086 quae
351 1022 444 1086 septem
457 1023 562 1082 sublesta
574 1022 662 1069 Trioni

33 1090 94 1136 Gens
107 1090 185 1150 iacet,
199 1084 223 1133 iu
240 1087 306 1145 cujus
328 1099 450 1147 nunquam
462 1088 561 1153 regione
573 1089 696 1149 Canopus.

31 1150 156 1205 cernitur,
173 1146 220 1196 hoc
234 1161 327 1197 rantum
339 1151 412 1197 coelo
425 1161 541 1198 contenta
556 1147 657 1214 vagari,

32 1217 130 1263 Nomen
145 1209 279 1260 adorabunt
292 1214 454 1275 Cleopatrae:
468 1215 550 1261 littore
561 1223 645 1274 gentes

32 1276 155 1331 occiduo,
172 1287 196 1323 et
227 1288 271 1322 uae
282 1271 417 1336 surgentem
428 1276 496 1325 videt
510 1274 577 1323 ludia
593 1271 679 1322 solem.

34 1344 95 1388 cum
109 1339 172 1387 Nilo
183 1341 220 1400 Ty
238 1338 270 1387 ris
296 1336 340 1386 tibi
354 1337 454 1397 serviet,
472 1351 495 1386 et
510 1351 550 1386 rua
562 1349 636 1400 regna

34 1400 171 1452 Defendenr
181 1400 284 1464 Aquilae
299 1399 409 1457 nostrae,
428 1405 589 1462 Romanaque
600 1397 686 1465 signas,-

34 1470 95 1516 Dum
108 1470 190 1528 Reges
202 1464 265 1512 inter
278 1461 384 1514 famulos
397 1464 526 1528 cleopatra
538 1460 665 1526 superbos,

35 1535 62 1580 lit
73 1526 172 1595 sceptris
185 1524 287 1589 subjecta
301 1525 348 1576 suis
370 1541 434 1576 nova
448 1527 541 1592 sceptra
557 1523 655 1576 videbit.

35 1595 104 1643 Talia
116 1606 178 1640 nam
195 1589 230 1655 (fi
243 1602 302 1639 nota
316 1586 372 1640 satis
382 1591 443 1640 mihi
458 1592 565 1640 Numina
580 1589 590 1653 )
609 1588 706 1652 spondet

35 1662 86 1707 lloc
99 1654 195 1705 bellum
208 1655 305 1718 Regina
322 1653 374 1704 tibi.
392 1669 452 1703 nunc
465 1654 516 1703 fara
528 1654 659 1716 sequenda,

35 1725 63 1769 Et
74 1720 127 1768 cito
141 1731 194 1781 quo
209 1715 305 1766 ducunt.
331 1717 392 1766 uteri
404 1732 498 1780 percara
511 1717 626 1766 tumentia

37 1785 154 1845 Pignora,
167 1781 244 1829 civilis
256 1777 316 1828 belli
331 1779 382 1842 posi
401 1784 452 1830 fata
465 1793 577 1828 revertar.

63 1855 97 1895 At
111 1841 210 1894 blandis
225 1843 357 1906 Cleopatra
366 1843 431 1892 dolis
444 1843 570 1895 instrudia,
582 1838 689 1889 venusiae

35 1909 79 1957 Cui
93 1909 180 1957 niveae
192 1904 280 1954 frontis
293 1917 361 1955 tanta
373 1904 426 1962 est,
442 1906 571 1958 struens,
587 1916 611 1950 et
625 1900 691 1967 ipsae

35 1973 76 2020 vel
89 1974 213 2034 lacrymae
226 1967 325 2018 deceant
338 2002 345 2025 ,
359 1968 473 2033 lacrymis
484 1966 516 2016 stc
528 1965 583 2016 infit
593 1964 703 2014 obortis:

35 2038 94 2084 Non
106 2033 171 2082 tanti
187 2030 267 2089 facio,
282 2029 379 2088 Caesar,
395 2046 451 2080 mea
462 2045 520 2080 vora
534 2028 675 2093 precesque,

35 2102 66 2147 Ur
78 2097 179 2146 decreta
193 2096 266 2145 Ducis
278 2096 340 2144 tanti
351 2108 445 2144 murare
461 2096 583 2147 valerent,

35 2166 56 2209 Α
68 2158 159 2224 quibus
173 2157 272 2207 hurtrani
284 2161 379 2223 generis
392 2158 489 2208 fortuna
502 2171 543 2222 per
560 2151 646 2204 orbem

35 2223 145 2279 lendet5
173 2221 242 2333 queis
268 2218 372 2280 stellae,
405 2223 475 2286 queis
503 2219 610 2270 Numina
637 2214 724 2269 cunita
750 2229 825 2269 vaca·

193 2297 236 2333 unt

34 2347 123 2402 Audax
137 2347 232 2413 relligio
242 2317 365 2406 mimium,
385 2343 510 2410 Pietasque
521 2343 618 2410 superba

36 2410 170 2469 censetur,
193 2425 257 2475 quae
268 2424 307 2459 ma
327 2425 357 2460 na
373 2423 442 2475 optat
454 2422 546 2458 murare
558 2413 666 2458 Deorum

37 2474 158 2526 Consilia.
171 2472 202 2522 ah
215 2475 293 2539 potius
304 2426 417 2525 dammae
429 2507 437 2531 ‚
451 2471 562 2537 votisque
572 2469 677 2521 resiliam

35 2538 89 2605 ipsa
101 2536 180 2595 meis,
196 2536 339 2603 dulcemque
352 2536 395 2587 fibi
408 2538 540 2601 Cleopatra
550 2533 645 2601 negabit

37 2600 152 2655 caesaris
163 2599 282 2665 aspectum
291 2635 298 2658 ,
306 2614 384 2715 quam
395 2613 462 2652 tanta
474 2601 588 2665 negotia,
603 2612 692 2665 totque

37 2668 165 2717 Bellorum
178 2666 256 2713 laurus
270 2676 306 2713 rar
324 2664 371 2720 abit
386 2663 466 2715 nostra
477 2666 535 2714 volu
551 2675 594 2712 tar.

38 2728 87 2779 Sed
100 2741 188 2778 tamen
197 2726 308 2792 ignoscas
324 2729 422 2791 paulum
432 2725 465 2784 fi,
480 2733 516 2777 ca
541 2742 579 2783 ar,
594 2723 674 2778 amori

37 2792 154 2856 Indulget
166 2792 297 2854 Cleopatra
307 2791 364 2851 luo,
380 2790 398 2841 fi
410 2791 491 2843 virere
503 2803 585 2841 tecum
663 2819 672 2823 -

37 2861 169 2925 Exoptat,
184 2852 369 2925 ficruntequ
381 2856 495 2912 cimicia
509 2870 562 2910 uun
579 2867 630 2922 pax
741 2906 831 2967 ww

852 3057 888 3125 A
