<?xml version="1.0" encoding="UTF-8"?>
<!DOCTYPE html PUBLIC "-//W3C//DTD XHTML 1.0 Transitional//EN"
    "http://www.w3.org/TR/xhtml1/DTD/xhtml1-transitional.dtd">
<html xmlns="http://www.w3.org/1999/xhtml" xml:lang="en" lang="en">
 <head>
  <title>
</title>
<meta http-equiv="Content-Type" content="text/html;charset=utf-8" />
  <meta name='ocr-system' content='tesseract 3.04.00' />
  <meta name='ocr-capabilities' content='ocr_page ocr_carea ocr_par ocr_line ocrx_word'/>
</head>
<body>
  <div class='ocr_page' id='page_1' title='image "./mannilucaniphar00farngoog_0353.png"; bbox 0 0 1809 3150; ppageno 0'>
   <div class='ocr_carea' id='block_1_1' title="bbox 222 100 829 169">
    <p class='ocr_par' dir='ltr' id='par_1_1' title="bbox 222 100 829 169">
     <span class='ocr_line' id='line_1_1' title="bbox 222 100 829 169; baseline 0.021 -20"><span class='ocrx_word' id='word_1_1' title='bbox 222 100 639 155; x_wconf 64' lang='lat' dir='ltr'>Luculentum</span> <span class='ocrx_word' id='word_1_2' title='bbox 781 119 829 169; x_wconf 66' lang='lat'>331</span> 
     </span>
    </p>
   </div>
   <div class='ocr_carea' id='block_1_2' title="bbox 11 172 790 2842">
    <p class='ocr_par' dir='ltr' id='par_1_2' title="bbox 20 172 726 494">
     <span class='ocr_line' id='line_1_2' title="bbox 20 172 679 246; baseline 0.015 -24"><span class='ocrx_word' id='word_1_3' title='bbox 20 172 221 240; x_wconf 69' lang='lat' dir='ltr'>Fortunaeque</span> <span class='ocrx_word' id='word_1_4' title='bbox 234 174 289 227; x_wconf 83' lang='lat' dir='ltr'>suae</span> <span class='ocrx_word' id='word_1_5' title='bbox 300 175 385 228; x_wconf 80' lang='lat' dir='ltr'>fidens.</span> <span class='ocrx_word' id='word_1_6' title='bbox 402 181 466 235; x_wconf 83' lang='lat' dir='ltr'>Cor,</span> <span class='ocrx_word' id='word_1_7' title='bbox 482 177 569 231; x_wconf 87' lang='lat' dir='ltr'>caesar</span> <span class='ocrx_word' id='word_1_8' title='bbox 580 181 679 246; x_wconf 83' lang='lat' dir='ltr'>inique.</span> 
     </span>
     <span class='ocr_line' id='line_1_3' title="bbox 26 237 637 304; baseline 0.013 -18"><span class='ocrx_word' id='word_1_9' title='bbox 26 240 101 289; x_wconf 74' lang='lat' dir='ltr'>Non</span> <span class='ocrx_word' id='word_1_10' title='bbox 114 237 196 304; x_wconf 83' lang='lat' dir='ltr'>pudet</span> <span class='ocrx_word' id='word_1_11' title='bbox 208 240 234 289; x_wconf 88' lang='lat' dir='ltr'>in</span> <span class='ocrx_word' id='word_1_12' title='bbox 249 240 359 291; x_wconf 84' lang='lat' dir='ltr'>minimis</span> <span class='ocrx_word' id='word_1_13' title='bbox 370 242 544 292; x_wconf 82' lang='lat' dir='ltr'>rotierinstare</span> <span class='ocrx_word' id='word_1_14' title='bbox 558 243 637 301; x_wconf 80' lang='lat' dir='ltr'>favori</span> 
     </span>
     <span class='ocr_line' id='line_1_4' title="bbox 26 304 692 370; baseline 0.012 -20"><span class='ocrx_word' id='word_1_15' title='bbox 26 304 185 358; x_wconf 77' lang='lat' dir='ltr'>Fortunae,</span> <span class='ocrx_word' id='word_1_16' title='bbox 201 316 227 351; x_wconf 92' lang='lat' dir='ltr'>et</span> <span class='ocrx_word' id='word_1_17' title='bbox 246 305 320 352; x_wconf 78' lang='lat' dir='ltr'>toties</span> <span class='ocrx_word' id='word_1_18' title='bbox 333 304 398 352; x_wconf 81' lang='lat' dir='ltr'>rasus</span> <span class='ocrx_word' id='word_1_19' title='bbox 412 316 507 354; x_wconf 83' lang='lat' dir='ltr'>tentare</span> <span class='ocrx_word' id='word_1_20' title='bbox 520 321 560 370; x_wconf 87' lang='lat' dir='ltr'>per</span> <span class='ocrx_word' id='word_1_21' title='bbox 575 311 692 357; x_wconf 65' lang='lat' dir='ltr'>omnesi&#39;</span> 
     </span>
     <span class='ocr_line' id='line_1_5' title="bbox 27 362 726 437; baseline 0.011 -23"><span class='ocrx_word' id='word_1_22' title='bbox 27 369 98 415; x_wconf 80' lang='lat' dir='ltr'>Non</span> <span class='ocrx_word' id='word_1_23' title='bbox 112 362 163 414; x_wconf 91' lang='lat' dir='ltr'>ribi</span> <span class='ocrx_word' id='word_1_24' title='bbox 176 364 210 415; x_wconf 86' lang='lat' dir='ltr'>sat</span> <span class='ocrx_word' id='word_1_25' title='bbox 222 362 296 414; x_wconf 85' lang='lat' dir='ltr'>visum</span> <span class='ocrx_word' id='word_1_26' title='bbox 311 364 359 423; x_wconf 85' lang='lat' dir='ltr'>est,</span> <span class='ocrx_word' id='word_1_27' title='bbox 373 363 441 417; x_wconf 88' lang='lat' dir='ltr'>bello</span> <span class='ocrx_word' id='word_1_28' title='bbox 453 368 520 433; x_wconf 89' lang='lat' dir='ltr'>quod</span> <span class='ocrx_word' id='word_1_29' title='bbox 535 367 627 434; x_wconf 86' lang='lat' dir='ltr'>semper</span> <span class='ocrx_word' id='word_1_30' title='bbox 639 381 726 437; x_wconf 82' lang='lat' dir='ltr'>aperto</span> 
     </span>
     <span class='ocr_line' id='line_1_6' title="bbox 27 429 645 494; baseline 0.01 -17"><span class='ocrx_word' id='word_1_31' title='bbox 27 429 90 477; x_wconf 76' lang='lat' dir='ltr'>Res</span> <span class='ocrx_word' id='word_1_32' title='bbox 104 430 162 494; x_wconf 79' lang='lat' dir='ltr'>agit</span> <span class='ocrx_word' id='word_1_33' title='bbox 173 430 217 478; x_wconf 90' lang='lat' dir='ltr'>illa</span> <span class='ocrx_word' id='word_1_34' title='bbox 230 442 299 487; x_wconf 81' lang='lat' dir='ltr'>tuas,</span> <span class='ocrx_word' id='word_1_35' title='bbox 313 440 339 478; x_wconf 91' lang='lat' dir='ltr'>et</span> <span class='ocrx_word' id='word_1_36' title='bbox 353 441 436 479; x_wconf 84' lang='lat' dir='ltr'>tantos</span> <span class='ocrx_word' id='word_1_37' title='bbox 452 430 551 482; x_wconf 83' lang='lat' dir='ltr'>conficit</span> <span class='ocrx_word' id='word_1_38' title='bbox 564 432 645 483; x_wconf 80' lang='lat' dir='ltr'>hoster</span> 
     </span>
    </p>

    <p class='ocr_par' dir='ltr' id='par_1_3' title="bbox 28 490 762 858">
     <span class='ocr_line' id='line_1_7' title="bbox 30 490 621 556; baseline 0.01 -16"><span class='ocrx_word' id='word_1_39' title='bbox 30 493 106 540; x_wconf 87' lang='lat' dir='ltr'>Cum</span> <span class='ocrx_word' id='word_1_40' title='bbox 123 492 202 556; x_wconf 82' lang='lat' dir='ltr'>plena</span> <span class='ocrx_word' id='word_1_41' title='bbox 214 505 305 556; x_wconf 79' lang='lat' dir='ltr'>pugnas</span> <span class='ocrx_word' id='word_1_42' title='bbox 317 493 385 549; x_wconf 85' lang='lat' dir='ltr'>acie,</span> <span class='ocrx_word' id='word_1_43' title='bbox 400 490 449 542; x_wconf 80' lang='lat' dir='ltr'>fine</span> <span class='ocrx_word' id='word_1_44' title='bbox 463 495 542 544; x_wconf 88' lang='lat' dir='ltr'>milite</span> <span class='ocrx_word' id='word_1_45' title='bbox 557 496 582 545; x_wconf 91' lang='lat' dir='ltr'>ni</span> <span class='ocrx_word' id='word_1_46' title='bbox 595 508 621 546; x_wconf 91' lang='lat' dir='ltr'>te</span> 
     </span>
     <span class='ocr_line' id='line_1_8' title="bbox 28 554 682 623; baseline 0.012 -21"><span class='ocrx_word' id='word_1_47' title='bbox 28 557 180 619; x_wconf 79' lang='lat' dir='ltr'>Protegat,</span> <span class='ocrx_word' id='word_1_48' title='bbox 194 567 218 603; x_wconf 89' lang='lat' dir='ltr'>et</span> <span class='ocrx_word' id='word_1_49' title='bbox 233 568 273 603; x_wconf 85' lang='lat' dir='ltr'>tua</span> <span class='ocrx_word' id='word_1_50' title='bbox 289 554 431 620; x_wconf 78' lang='lat' dir='ltr'>prospiciens</span> <span class='ocrx_word' id='word_1_51' title='bbox 448 560 577 608; x_wconf 85' lang='lat' dir='ltr'>temeraria</span> <span class='ocrx_word' id='word_1_52' title='bbox 591 558 682 623; x_wconf 71' lang='lat' dir='ltr'>coepti</span> 
     </span>
     <span class='ocr_line' id='line_1_9' title="bbox 28 617 762 686; baseline 0.011 -21"><span class='ocrx_word' id='word_1_53' title='bbox 28 617 138 679; x_wconf 84' lang='lat' dir='ltr'>Dirigat</span> <span class='ocrx_word' id='word_1_54' title='bbox 152 617 181 665; x_wconf 91' lang='lat' dir='ltr'>in</span> <span class='ocrx_word' id='word_1_55' title='bbox 191 618 291 672; x_wconf 87' lang='lat' dir='ltr'>melius,</span> <span class='ocrx_word' id='word_1_56' title='bbox 305 619 380 668; x_wconf 79' lang='lat' dir='ltr'>Ducis</span> <span class='ocrx_word' id='word_1_57' title='bbox 394 619 566 685; x_wconf 70' lang='lat' dir='ltr'>objeiiumque</span> <span class='ocrx_word' id='word_1_58' title='bbox 579 624 672 686; x_wconf 77' lang='lat' dir='ltr'>periclis</span> <span class='ocrx_word' id='word_1_59' title='bbox 756 658 762 668; x_wconf 84' lang='lat'><strong><em>.</em></strong></span> 
     </span>
     <span class='ocr_line' id='line_1_10' title="bbox 28 680 700 748; baseline 0.013 -18"><span class='ocrx_word' id='word_1_60' title='bbox 28 680 143 730; x_wconf 76' lang='lat' dir='ltr'>Privatir</span> <span class='ocrx_word' id='word_1_61' title='bbox 156 681 233 735; x_wconf 88' lang='lat' dir='ltr'>toties</span> <span class='ocrx_word' id='word_1_62' title='bbox 243 680 346 730; x_wconf 86' lang='lat' dir='ltr'>redimat</span> <span class='ocrx_word' id='word_1_63' title='bbox 356 684 437 746; x_wconf 81' lang='lat' dir='ltr'>caput?</span> <span class='ocrx_word' id='word_1_64' title='bbox 453 698 484 731; x_wconf 83' lang='lat' dir='ltr'>an</span> <span class='ocrx_word' id='word_1_65' title='bbox 494 682 539 732; x_wconf 86' lang='lat' dir='ltr'>tibi</span> <span class='ocrx_word' id='word_1_66' title='bbox 552 700 650 748; x_wconf 81' lang='lat' dir='ltr'>parrum</span> <span class='ocrx_word' id='word_1_67' title='bbox 664 683 700 739; x_wconf 77' lang='lat' dir='ltr'>est</span> 
     </span>
     <span class='ocr_line' id='line_1_11' title="bbox 28 738 581 858; baseline 0.009 -68"><span class='ocrx_word' id='word_1_68' title='bbox 28 738 159 858; x_wconf 52' lang='lat' dir='ltr'>Effigille</span> <span class='ocrx_word' id='word_1_69' title='bbox 171 743 238 793; x_wconf 79' lang='lat' dir='ltr'>Phari</span> <span class='ocrx_word' id='word_1_70' title='bbox 248 743 358 803; x_wconf 81' lang='lat' dir='ltr'>infidias,</span> <span class='ocrx_word' id='word_1_71' title='bbox 371 759 490 810; x_wconf 87' lang='lat' dir='ltr'>parvaque</span> <span class='ocrx_word' id='word_1_72' title='bbox 501 747 581 796; x_wconf 83' lang='lat' dir='ltr'>carina</span> 
     </span>
    </p>

    <p class='ocr_par' dir='ltr' id='par_1_4' title="bbox 30 804 578 873">
     <span class='ocr_line' id='line_1_12' title="bbox 30 804 578 873; baseline 0.004 -17"><span class='ocrx_word' id='word_1_73' title='bbox 30 810 80 856; x_wconf 78' lang='lat' dir='ltr'>No</span> <span class='ocrx_word' id='word_1_74' title='bbox 109 805 169 855; x_wconf 90' lang='lat' dir='ltr'>urni</span> <span class='ocrx_word' id='word_1_75' title='bbox 181 818 260 857; x_wconf 85' lang='lat' dir='ltr'>tutum</span> <span class='ocrx_word' id='word_1_76' title='bbox 277 804 357 856; x_wconf 82' lang='lat' dir='ltr'>vieille</span> <span class='ocrx_word' id='word_1_77' title='bbox 391 809 479 858; x_wconf 80' lang='lat' dir='ltr'>ericula</span> <span class='ocrx_word' id='word_1_78' title='bbox 494 813 578 873; x_wconf 80' lang='lat' dir='ltr'>pontii</span> 
     </span>
    </p>

    <p class='ocr_par' dir='ltr' id='par_1_5' title="bbox 32 821 728 1000">
     <span class='ocr_line' id='line_1_13' title="bbox 32 821 728 940; baseline 0.01 -20"><span class='ocrx_word' id='word_1_79' title='bbox 32 873 90 920; x_wconf 83' lang='lat' dir='ltr'>Cur</span> <span class='ocrx_word' id='word_1_80' title='bbox 104 869 205 927; x_wconf 80' lang='lat' dir='ltr'>Divae,</span> <span class='ocrx_word' id='word_1_81' title='bbox 219 870 347 936; x_wconf 85' lang='lat' dir='ltr'>imperium</span> <span class='ocrx_word' id='word_1_82' title='bbox 359 821 405 921; x_wconf 41' lang='lat' dir='ltr'>rigi</span> <span class='ocrx_word' id='word_1_83' title='bbox 422 884 485 933; x_wconf 89' lang='lat' dir='ltr'>quae</span> <span class='ocrx_word' id='word_1_84' title='bbox 496 869 634 936; x_wconf 86' lang='lat' dir='ltr'>promiserit</span> <span class='ocrx_word' id='word_1_85' title='bbox 646 873 728 940; x_wconf 71' lang='lat' dir='ltr'>orbis,</span> 
     </span>
     <span class='ocr_line' id='line_1_14' title="bbox 32 930 654 1000; baseline 0.008 -17"><span class='ocrx_word' id='word_1_86' title='bbox 32 930 146 983; x_wconf 77' lang='lat' dir='ltr'>Calibus</span> <span class='ocrx_word' id='word_1_87' title='bbox 162 934 258 1000; x_wconf 76' lang='lat' dir='ltr'>exiguis</span> <span class='ocrx_word' id='word_1_88' title='bbox 276 931 405 998; x_wconf 87' lang='lat' dir='ltr'>pretiosum</span> <span class='ocrx_word' id='word_1_89' title='bbox 417 934 521 985; x_wconf 83' lang='lat' dir='ltr'>absumis</span> <span class='ocrx_word' id='word_1_90' title='bbox 532 941 654 988; x_wconf 76' lang='lat' dir='ltr'>amorem?</span> 
     </span>
    </p>

    <p class='ocr_par' dir='ltr' id='par_1_6' title="bbox 66 993 704 1065">
     <span class='ocr_line' id='line_1_15' title="bbox 66 993 704 1065; baseline 0.011 -18"><span class='ocrx_word' id='word_1_91' title='bbox 66 993 206 1058; x_wconf 76' lang='lat' dir='ltr'>Postquam</span> <span class='ocrx_word' id='word_1_92' title='bbox 220 995 346 1046; x_wconf 75' lang='lat' dir='ltr'>Adrumeri</span> <span class='ocrx_word' id='word_1_93' title='bbox 357 995 443 1047; x_wconf 78' lang='lat' dir='ltr'>frustra</span> <span class='ocrx_word' id='word_1_94' title='bbox 460 1014 612 1065; x_wconf 87' lang='lat' dir='ltr'>corrumpere</span> <span class='ocrx_word' id='word_1_95' title='bbox 627 1001 704 1055; x_wconf 86' lang='lat' dir='ltr'>fidum</span> 
     </span>
    </p>

    <p class='ocr_par' dir='ltr' id='par_1_7' title="bbox 34 1059 751 1759">
     <span class='ocr_line' id='line_1_16' title="bbox 35 1059 651 1125; baseline 0.011 -15"><span class='ocrx_word' id='word_1_96' title='bbox 35 1059 206 1116; x_wconf 76' lang='lat' dir='ltr'>confilium,</span> <span class='ocrx_word' id='word_1_97' title='bbox 221 1061 264 1125; x_wconf 90' lang='lat' dir='ltr'>qui</span> <span class='ocrx_word' id='word_1_98' title='bbox 279 1059 401 1125; x_wconf 80' lang='lat' dir='ltr'>Scipiadae</span> <span class='ocrx_word' id='word_1_99' title='bbox 414 1061 651 1117; x_wconf 79' lang='lat' dir='ltr'>servaretarurbem</span> 
     </span>
     <span class='ocr_line' id='line_1_17' title="bbox 34 1119 651 1186; baseline 0.008 -13"><span class='ocrx_word' id='word_1_100' title='bbox 34 1120 186 1179; x_wconf 77' lang='lat' dir='ltr'>Praefidiis,</span> <span class='ocrx_word' id='word_1_101' title='bbox 201 1119 290 1173; x_wconf 84' lang='lat' dir='ltr'>Caesar</span> <span class='ocrx_word' id='word_1_102' title='bbox 300 1137 446 1182; x_wconf 76' lang='lat' dir='ltr'>tentaverat,</span> <span class='ocrx_word' id='word_1_103' title='bbox 468 1124 554 1175; x_wconf 88' lang='lat' dir='ltr'>ordine</span> <span class='ocrx_word' id='word_1_104' title='bbox 569 1140 651 1186; x_wconf 85' lang='lat' dir='ltr'>cerro,</span> 
     </span>
     <span class='ocr_line' id='line_1_18' title="bbox 35 1185 652 1254; baseline 0.006 -18"><span class='ocrx_word' id='word_1_105' title='bbox 35 1185 211 1249; x_wconf 71' lang='lat' dir='ltr'>lustruliaque</span> <span class='ocrx_word' id='word_1_106' title='bbox 222 1186 285 1241; x_wconf 84' lang='lat' dir='ltr'>redit</span> <span class='ocrx_word' id='word_1_107' title='bbox 296 1187 410 1253; x_wconf 83' lang='lat' dir='ltr'>legione,</span> <span class='ocrx_word' id='word_1_108' title='bbox 427 1202 473 1237; x_wconf 88' lang='lat' dir='ltr'>ner</span> <span class='ocrx_word' id='word_1_109' title='bbox 486 1186 543 1237; x_wconf 83' lang='lat' dir='ltr'>urbe</span> <span class='ocrx_word' id='word_1_110' title='bbox 560 1191 652 1254; x_wconf 89' lang='lat' dir='ltr'>potiri,</span> 
     </span>
     <span class='ocr_line' id='line_1_19' title="bbox 37 1247 642 1317; baseline 0.005 -18"><span class='ocrx_word' id='word_1_111' title='bbox 37 1249 86 1299; x_wconf 78' lang='lat' dir='ltr'>Sed</span> <span class='ocrx_word' id='word_1_112' title='bbox 100 1261 159 1299; x_wconf 79' lang='lat' dir='ltr'>turo</span> <span class='ocrx_word' id='word_1_113' title='bbox 170 1263 278 1300; x_wconf 85' lang='lat' dir='ltr'>remeare</span> <span class='ocrx_word' id='word_1_114' title='bbox 290 1252 364 1312; x_wconf 84' lang='lat' dir='ltr'>eupit.</span> <span class='ocrx_word' id='word_1_115' title='bbox 388 1250 432 1300; x_wconf 85' lang='lat' dir='ltr'>sed</span> <span class='ocrx_word' id='word_1_116' title='bbox 445 1251 486 1300; x_wconf 79' lang='lat' dir='ltr'>rix</span> <span class='ocrx_word' id='word_1_117' title='bbox 498 1247 557 1317; x_wconf 80' lang='lat' dir='ltr'>fuga</span> <span class='ocrx_word' id='word_1_118' title='bbox 570 1265 642 1302; x_wconf 82' lang='lat' dir='ltr'>tanto</span> 
     </span>
     <span class='ocr_line' id='line_1_20' title="bbox 38 1311 615 1379; baseline 0.003 -17"><span class='ocrx_word' id='word_1_119' title='bbox 38 1312 213 1377; x_wconf 74' lang='lat' dir='ltr'>Induperatori</span> <span class='ocrx_word' id='word_1_120' title='bbox 224 1312 332 1363; x_wconf 83' lang='lat' dir='ltr'>coneella</span> <span class='ocrx_word' id='word_1_121' title='bbox 344 1311 377 1362; x_wconf 86' lang='lat' dir='ltr'>est</span> <span class='ocrx_word' id='word_1_122' title='bbox 389 1326 457 1372; x_wconf 67' lang='lat' dir='ltr'>rura,</span> <span class='ocrx_word' id='word_1_123' title='bbox 473 1313 615 1379; x_wconf 81' lang='lat' dir='ltr'>frequenter</span> 
     </span>
     <span class='ocr_line' id='line_1_21' title="bbox 40 1374 751 1443; baseline 0.004 -18"><span class='ocrx_word' id='word_1_124' title='bbox 40 1376 156 1428; x_wconf 87' lang='lat' dir='ltr'>confidii</span> <span class='ocrx_word' id='word_1_125' title='bbox 171 1390 297 1442; x_wconf 85' lang='lat' dir='ltr'>erumpunt</span> <span class='ocrx_word' id='word_1_126' title='bbox 309 1377 424 1440; x_wconf 82' lang='lat' dir='ltr'>Equites,</span> <span class='ocrx_word' id='word_1_127' title='bbox 447 1390 523 1443; x_wconf 88' lang='lat' dir='ltr'>atque</span> <span class='ocrx_word' id='word_1_128' title='bbox 565 1379 631 1428; x_wconf 81' lang='lat' dir='ltr'>mina</span> <span class='ocrx_word' id='word_1_129' title='bbox 644 1374 751 1440; x_wconf 74' lang='lat' dir='ltr'>turbant,</span> 
     </span>
     <span class='ocr_line' id='line_1_22' title="bbox 38 1440 693 1510; baseline 0.009 -21"><span class='ocrx_word' id='word_1_130' title='bbox 38 1442 192 1504; x_wconf 74' lang='lat' dir='ltr'>Summaque</span> <span class='ocrx_word' id='word_1_131' title='bbox 208 1440 317 1491; x_wconf 78' lang='lat' dir='ltr'>Dulloris</span> <span class='ocrx_word' id='word_1_132' title='bbox 328 1441 379 1490; x_wconf 88' lang='lat' dir='ltr'>laur</span> <span class='ocrx_word' id='word_1_133' title='bbox 392 1440 440 1499; x_wconf 89' lang='lat' dir='ltr'>est,</span> <span class='ocrx_word' id='word_1_134' title='bbox 456 1455 482 1491; x_wconf 92' lang='lat' dir='ltr'>et</span> <span class='ocrx_word' id='word_1_135' title='bbox 496 1445 548 1491; x_wconf 86' lang='lat' dir='ltr'>Cae</span> <span class='ocrx_word' id='word_1_136' title='bbox 559 1455 600 1492; x_wconf 82' lang='lat' dir='ltr'>are</span> <span class='ocrx_word' id='word_1_137' title='bbox 613 1442 693 1510; x_wconf 78' lang='lat' dir='ltr'>digua</span> 
     </span>
     <span class='ocr_line' id='line_1_23' title="bbox 37 1499 611 1618; baseline 0.005 -65"><span class='ocrx_word' id='word_1_138' title='bbox 37 1503 196 1571; x_wconf 79' lang='lat' dir='ltr'>Rbuspinam</span> <span class='ocrx_word' id='word_1_139' title='bbox 211 1501 282 1554; x_wconf 78' lang='lat' dir='ltr'>salvis</span> <span class='ocrx_word' id='word_1_140' title='bbox 293 1499 396 1618; x_wconf 74' lang='lat' dir='ltr'>potuisse</span> <span class='ocrx_word' id='word_1_141' title='bbox 410 1504 489 1554; x_wconf 87' lang='lat' dir='ltr'>redire</span> <span class='ocrx_word' id='word_1_142' title='bbox 500 1506 611 1556; x_wconf 74' lang='lat' dir='ltr'>cateruis.</span> 
     </span>
     <span class='ocr_line' id='line_1_24' title="bbox 38 1565 621 1630; baseline 0.01 -14"><span class='ocrx_word' id='word_1_143' title='bbox 38 1569 99 1618; x_wconf 79' lang='lat' dir='ltr'>Sola</span> <span class='ocrx_word' id='word_1_144' title='bbox 112 1565 186 1620; x_wconf 84' lang='lat' dir='ltr'>urbes</span> <span class='ocrx_word' id='word_1_145' title='bbox 199 1567 262 1618; x_wconf 87' lang='lat' dir='ltr'>inter</span> <span class='ocrx_word' id='word_1_146' title='bbox 275 1566 320 1618; x_wconf 79' lang='lat' dir='ltr'>Lb</span> <span class='ocrx_word' id='word_1_147' title='bbox 337 1582 375 1618; x_wconf 81' lang='lat' dir='ltr'>cas</span> <span class='ocrx_word' id='word_1_148' title='bbox 389 1566 621 1630; x_wconf 77' lang='lat' dir='ltr'>lameresareanae</span> 
     </span>
     <span class='ocr_line' id='line_1_25' title="bbox 38 1583 609 1708; baseline 0.007 -27"><span class='ocrx_word' id='word_1_149' title='bbox 38 1631 184 1708; x_wconf 61' lang='lat' dir='ltr'>Perfugium</span> <span class='ocrx_word' id='word_1_150' title='bbox 202 1631 269 1681; x_wconf 83' lang='lat' dir='ltr'>tenui</span> <span class='ocrx_word' id='word_1_151' title='bbox 286 1583 357 1682; x_wconf 52' lang='lat' dir='ltr'>regat</span> <span class='ocrx_word' id='word_1_152' title='bbox 370 1630 494 1697; x_wconf 73' lang='lat' dir='ltr'>Rbuspina</span> <span class='ocrx_word' id='word_1_153' title='bbox 505 1633 609 1686; x_wconf 81' lang='lat' dir='ltr'>cohorti.</span> 
     </span>
     <span class='ocr_line' id='line_1_26' title="bbox 40 1691 606 1759; baseline 0.004 -14"><span class='ocrx_word' id='word_1_154' title='bbox 40 1696 107 1746; x_wconf 83' lang='lat' dir='ltr'>ilinc</span> <span class='ocrx_word' id='word_1_155' title='bbox 121 1708 211 1746; x_wconf 85' lang='lat' dir='ltr'>tterurn</span> <span class='ocrx_word' id='word_1_156' title='bbox 223 1696 316 1745; x_wconf 76' lang='lat' dir='ltr'>Dulior</span> <span class='ocrx_word' id='word_1_157' title='bbox 333 1694 389 1745; x_wconf 79' lang='lat' dir='ltr'>faris</span> <span class='ocrx_word' id='word_1_158' title='bbox 402 1691 506 1759; x_wconf 81' lang='lat' dir='ltr'>egteffus</span> <span class='ocrx_word' id='word_1_159' title='bbox 517 1693 606 1747; x_wconf 87' lang='lat' dir='ltr'>eisdem</span> 
     </span>
    </p>

    <p class='ocr_par' dir='ltr' id='par_1_8' title="bbox 11 1756 690 1825">
     <span class='ocr_line' id='line_1_27' title="bbox 11 1756 690 1825; baseline 0.003 -17"><span class='ocrx_word' id='word_1_160' title='bbox 11 1815 12 1818; x_wconf 8' lang='grc' dir='ltr'><strong>Ἴ</strong></span> <span class='ocrx_word' id='word_1_161' title='bbox 40 1762 110 1808; x_wconf 86' lang='lat' dir='ltr'>Dum</span> <span class='ocrx_word' id='word_1_162' title='bbox 123 1759 187 1822; x_wconf 85' lang='lat' dir='ltr'>cepit</span> <span class='ocrx_word' id='word_1_163' title='bbox 200 1758 315 1823; x_wconf 83' lang='lat' dir='ltr'>Leptim,</span> <span class='ocrx_word' id='word_1_164' title='bbox 329 1771 354 1808; x_wconf 83' lang='lat' dir='ltr'>et</span> <span class='ocrx_word' id='word_1_165' title='bbox 368 1756 474 1807; x_wconf 84' lang='lat' dir='ltr'>firmavit</span> <span class='ocrx_word' id='word_1_166' title='bbox 487 1757 591 1817; x_wconf 87' lang='lat' dir='ltr'>robore,</span> <span class='ocrx_word' id='word_1_167' title='bbox 609 1771 690 1825; x_wconf 79' lang='lat' dir='ltr'>paene</span> 
     </span>
    </p>

    <p class='ocr_par' dir='ltr' id='par_1_9' title="bbox 11 1819 605 1882">
     <span class='ocr_line' id='line_1_28' title="bbox 11 1819 605 1882; baseline -0.002 -10"><span class='ocrx_word' id='word_1_168' title='bbox 11 1829 13 1882; x_wconf 57' lang='lat' dir='ltr'>l</span> <span class='ocrx_word' id='word_1_169' title='bbox 39 1819 132 1872; x_wconf 76' lang='lat' dir='ltr'>Amifit</span> <span class='ocrx_word' id='word_1_170' title='bbox 144 1819 221 1871; x_wconf 77' lang='lat' dir='ltr'>rursus</span> <span class='ocrx_word' id='word_1_171' title='bbox 231 1819 342 1870; x_wconf 87' lang='lat' dir='ltr'>reditum.</span> <span class='ocrx_word' id='word_1_172' title='bbox 364 1820 480 1871; x_wconf 85' lang='lat' dir='ltr'>Labienus</span> <span class='ocrx_word' id='word_1_173' title='bbox 492 1822 518 1869; x_wconf 86' lang='lat' dir='ltr'>in</span> <span class='ocrx_word' id='word_1_174' title='bbox 531 1824 605 1871; x_wconf 81' lang='lat' dir='ltr'>armis</span> 
     </span>
    </p>

    <p class='ocr_par' dir='ltr' id='par_1_10' title="bbox 11 1881 667 1949">
     <span class='ocr_line' id='line_1_29' title="bbox 11 1881 667 1949; baseline -0.003 -13"><span class='ocrx_word' id='word_1_175' title='bbox 11 1891 13 1916; x_wconf 62' lang='lat'><em>³</em></span> <span class='ocrx_word' id='word_1_176' title='bbox 38 1891 105 1936; x_wconf 71' lang='lat' dir='ltr'>Acer</span> <span class='ocrx_word' id='word_1_177' title='bbox 116 1898 183 1942; x_wconf 84' lang='lat' dir='ltr'>erat,</span> <span class='ocrx_word' id='word_1_178' title='bbox 199 1882 330 1949; x_wconf 77' lang='lat' dir='ltr'>validisque</span> <span class='ocrx_word' id='word_1_179' title='bbox 341 1884 393 1933; x_wconf 81' lang='lat' dir='ltr'>viar</span> <span class='ocrx_word' id='word_1_180' title='bbox 405 1881 561 1948; x_wconf 83' lang='lat' dir='ltr'>praecluserat</span> <span class='ocrx_word' id='word_1_181' title='bbox 573 1897 667 1934; x_wconf 84' lang='lat' dir='ltr'>omnes·</span> 
     </span>
    </p>

    <p class='ocr_par' dir='ltr' id='par_1_11' title="bbox 11 1946 752 2329">
     <span class='ocr_line' id='line_1_30' title="bbox 11 1946 641 2012; baseline 0 -14"><span class='ocrx_word' id='word_1_182' title='bbox 11 1957 13 1998; x_wconf 78' lang='lat' dir='ltr'>l</span> <span class='ocrx_word' id='word_1_183' title='bbox 39 1947 148 1999; x_wconf 80' lang='lat' dir='ltr'>rolidiis.</span> <span class='ocrx_word' id='word_1_184' title='bbox 171 1947 263 1998; x_wconf 81' lang='lat' dir='ltr'>Virtute</span> <span class='ocrx_word' id='word_1_185' title='bbox 279 1962 340 2012; x_wconf 82' lang='lat' dir='ltr'>opus</span> <span class='ocrx_word' id='word_1_186' title='bbox 353 1946 403 2003; x_wconf 90' lang='lat' dir='ltr'>est,</span> <span class='ocrx_word' id='word_1_187' title='bbox 420 1960 444 1997; x_wconf 90' lang='lat' dir='ltr'>et</span> <span class='ocrx_word' id='word_1_188' title='bbox 460 1946 563 1997; x_wconf 79' lang='lat' dir='ltr'>caesare</span> <span class='ocrx_word' id='word_1_189' title='bbox 575 1960 641 1998; x_wconf 82' lang='lat' dir='ltr'>toro.</span> 
     </span>
     <span class='ocr_line' id='line_1_31' title="bbox 41 2008 662 2078; baseline 0 -16"><span class='ocrx_word' id='word_1_190' title='bbox 41 2015 200 2076; x_wconf 79' lang='lat' dir='ltr'>Fortunaque</span> <span class='ocrx_word' id='word_1_191' title='bbox 213 2011 264 2070; x_wconf 77' lang='lat' dir='ltr'>eius</span> <span class='ocrx_word' id='word_1_192' title='bbox 278 2008 370 2060; x_wconf 87' lang='lat' dir='ltr'>summa</span> <span class='ocrx_word' id='word_1_193' title='bbox 384 2009 432 2066; x_wconf 83' lang='lat' dir='ltr'>iam</span> <span class='ocrx_word' id='word_1_194' title='bbox 443 2022 538 2075; x_wconf 86' lang='lat' dir='ltr'>ternpus</span> <span class='ocrx_word' id='word_1_195' title='bbox 552 2009 662 2078; x_wconf 83' lang='lat' dir='ltr'>egebat.·</span> 
     </span>
     <span class='ocr_line' id='line_1_32' title="bbox 39 2070 581 2138; baseline 0 -14"><span class='ocrx_word' id='word_1_196' title='bbox 39 2079 70 2124; x_wconf 84' lang='lat' dir='ltr'>Et</span> <span class='ocrx_word' id='word_1_197' title='bbox 82 2075 166 2125; x_wconf 86' lang='lat' dir='ltr'>vicere</span> <span class='ocrx_word' id='word_1_198' title='bbox 177 2074 222 2123; x_wconf 84' lang='lat' dir='ltr'>riri</span> <span class='ocrx_word' id='word_1_199' title='bbox 234 2075 323 2131; x_wconf 77' lang='lat' dir='ltr'>virtus,</span> <span class='ocrx_word' id='word_1_200' title='bbox 339 2071 492 2138; x_wconf 85' lang='lat' dir='ltr'>fortunaque.</span> <span class='ocrx_word' id='word_1_201' title='bbox 519 2070 581 2124; x_wconf 86' lang='lat' dir='ltr'>visae</span> 
     </span>
     <span class='ocr_line' id='line_1_33' title="bbox 40 2133 685 2204; baseline -0.002 -17"><span class='ocrx_word' id='word_1_202' title='bbox 40 2142 167 2204; x_wconf 81' lang='lat' dir='ltr'>Tempore</span> <span class='ocrx_word' id='word_1_203' title='bbox 179 2137 230 2186; x_wconf 87' lang='lat' dir='ltr'>sunt</span> <span class='ocrx_word' id='word_1_204' title='bbox 242 2148 300 2200; x_wconf 85' lang='lat' dir='ltr'>apto</span> <span class='ocrx_word' id='word_1_205' title='bbox 310 2133 426 2194; x_wconf 78' lang='lat' dir='ltr'>infidiae3</span> <span class='ocrx_word' id='word_1_206' title='bbox 441 2137 566 2202; x_wconf 71' lang='lat' dir='ltr'>viliorque</span> <span class='ocrx_word' id='word_1_207' title='bbox 582 2147 685 2187; x_wconf 84' lang='lat' dir='ltr'>cruento</span> 
     </span>
     <span class='ocr_line' id='line_1_34' title="bbox 41 2200 752 2266; baseline 0.003 -17"><span class='ocrx_word' id='word_1_208' title='bbox 41 2205 138 2266; x_wconf 80' lang='lat' dir='ltr'>Perque</span> <span class='ocrx_word' id='word_1_209' title='bbox 150 2202 228 2258; x_wconf 77' lang='lat' dir='ltr'>vitot,</span> <span class='ocrx_word' id='word_1_210' title='bbox 243 2212 330 2263; x_wconf 80' lang='lat' dir='ltr'>perque</span> <span class='ocrx_word' id='word_1_211' title='bbox 341 2213 409 2248; x_wconf 84' lang='lat' dir='ltr'>arma</span> <span class='ocrx_word' id='word_1_212' title='bbox 421 2201 487 2248; x_wconf 83' lang='lat' dir='ltr'>viam</span> <span class='ocrx_word' id='word_1_213' title='bbox 500 2215 615 2250; x_wconf 87' lang='lat' dir='ltr'>murrone</span> <span class='ocrx_word' id='word_1_214' title='bbox 631 2200 734 2253; x_wconf 85' lang='lat' dir='ltr'>recludit</span> <span class='ocrx_word' id='word_1_215' title='bbox 739 2220 752 2262; x_wconf 62' lang='grc' dir='ltr'>ς,</span> 
     </span>
     <span class='ocr_line' id='line_1_35' title="bbox 42 2259 676 2329; baseline 0.002 -15"><span class='ocrx_word' id='word_1_216' title='bbox 42 2264 129 2327; x_wconf 80' lang='lat' dir='ltr'>Bisque</span> <span class='ocrx_word' id='word_1_217' title='bbox 145 2266 228 2329; x_wconf 73' lang='lat' dir='ltr'>fugam</span> <span class='ocrx_word' id='word_1_218' title='bbox 243 2259 330 2311; x_wconf 88' lang='lat' dir='ltr'>Caesar</span> <span class='ocrx_word' id='word_1_219' title='bbox 345 2259 423 2314; x_wconf 78' lang='lat' dir='ltr'>solani</span> <span class='ocrx_word' id='word_1_220' title='bbox 440 2263 557 2312; x_wconf 88' lang='lat' dir='ltr'>vincendo</span> <span class='ocrx_word' id='word_1_221' title='bbox 576 2267 676 2329; x_wconf 81' lang='lat' dir='ltr'>paravit.</span> 
     </span>
    </p>

    <p class='ocr_par' dir='ltr' id='par_1_12' title="bbox 70 2324 761 2400">
     <span class='ocr_line' id='line_1_36' title="bbox 70 2324 761 2400; baseline 0 -23"><span class='ocrx_word' id='word_1_222' title='bbox 70 2332 141 2378; x_wconf 88' lang='lat' dir='ltr'>Dum</span> <span class='ocrx_word' id='word_1_223' title='bbox 152 2340 226 2392; x_wconf 90' lang='lat' dir='ltr'>prope</span> <span class='ocrx_word' id='word_1_224' title='bbox 239 2324 306 2400; x_wconf 77' lang='lat' dir='ltr'>figor</span> <span class='ocrx_word' id='word_1_225' title='bbox 320 2329 417 2373; x_wconf 87' lang='lat' dir='ltr'>Durum</span> <span class='ocrx_word' id='word_1_226' title='bbox 430 2324 491 2374; x_wconf 83' lang='lat' dir='ltr'>vidit</span> <span class='ocrx_word' id='word_1_227' title='bbox 505 2325 629 2391; x_wconf 82' lang='lat' dir='ltr'>Rhuspina</span> <span class='ocrx_word' id='word_1_228' title='bbox 641 2327 761 2386; x_wconf 83' lang='lat' dir='ltr'>duorum,</span> 
     </span>
    </p>

    <p class='ocr_par' dir='ltr' id='par_1_13' title="bbox 41 2387 669 2454">
     <span class='ocr_line' id='line_1_37' title="bbox 41 2387 669 2454; baseline -0.002 -15"><span class='ocrx_word' id='word_1_229' title='bbox 41 2388 190 2453; x_wconf 82' lang='lat' dir='ltr'>infestasque</span> <span class='ocrx_word' id='word_1_230' title='bbox 205 2390 324 2453; x_wconf 75' lang='lat' dir='ltr'>Aquilae,</span> <span class='ocrx_word' id='word_1_231' title='bbox 343 2389 424 2436; x_wconf 83' lang='lat' dir='ltr'>Uticae</span> <span class='ocrx_word' id='word_1_232' title='bbox 439 2391 564 2451; x_wconf 75' lang='lat' dir='ltr'>Pompeius</span> <span class='ocrx_word' id='word_1_233' title='bbox 575 2387 669 2454; x_wconf 81' lang='lat' dir='ltr'>agebat.</span> 
     </span>
    </p>

    <p class='ocr_par' dir='ltr' id='par_1_14' title="bbox 11 2449 727 2525">
     <span class='ocr_line' id='line_1_38' title="bbox 11 2449 727 2525; baseline 0 -22"><span class='ocrx_word' id='word_1_234' title='bbox 11 2497 12 2516; x_wconf 59' lang='grc'>,</span> <span class='ocrx_word' id='word_1_235' title='bbox 40 2457 109 2504; x_wconf 84' lang='lat' dir='ltr'>llaoc</span> <span class='ocrx_word' id='word_1_236' title='bbox 122 2457 190 2503; x_wconf 86' lang='lat' dir='ltr'>Cato</span> <span class='ocrx_word' id='word_1_237' title='bbox 205 2449 324 2525; x_wconf 86' lang='lat' dir='ltr'>praefidilr</span> <span class='ocrx_word' id='word_1_238' title='bbox 339 2451 430 2505; x_wconf 74' lang='lat' dir='ltr'>tenuit,</span> <span class='ocrx_word' id='word_1_239' title='bbox 444 2465 501 2500; x_wconf 89' lang='lat' dir='ltr'>cum</span> <span class='ocrx_word' id='word_1_240' title='bbox 514 2450 545 2501; x_wconf 83' lang='lat' dir='ltr'>fic</span> <span class='ocrx_word' id='word_1_241' title='bbox 557 2454 622 2501; x_wconf 74' lang='lat' dir='ltr'>Cato</span> <span class='ocrx_word' id='word_1_242' title='bbox 635 2451 727 2503; x_wconf 67' lang='lat' dir='ltr'>sanlius</span> 
     </span>
    </p>

    <p class='ocr_par' dir='ltr' id='par_1_15' title="bbox 11 2512 790 2708">
     <span class='ocr_line' id='line_1_39' title="bbox 11 2512 669 2582; baseline -0.003 -16"><span class='ocrx_word' id='word_1_243' title='bbox 11 2519 12 2524; x_wconf 77' lang='grc'>’</span> <span class='ocrx_word' id='word_1_244' title='bbox 41 2515 188 2582; x_wconf 77' lang='lat' dir='ltr'>Alloquitur</span> <span class='ocrx_word' id='word_1_245' title='bbox 203 2528 331 2577; x_wconf 71' lang='lat' dir='ltr'>potonem,</span> <span class='ocrx_word' id='word_1_246' title='bbox 346 2526 370 2569; x_wconf 90' lang='lat' dir='ltr'>et</span> <span class='ocrx_word' id='word_1_247' title='bbox 382 2512 453 2561; x_wconf 72' lang='lat' dir='ltr'>diliis</span> <span class='ocrx_word' id='word_1_248' title='bbox 466 2512 566 2579; x_wconf 80' lang='lat' dir='ltr'>castigat</span> <span class='ocrx_word' id='word_1_249' title='bbox 578 2513 669 2578; x_wconf 74' lang='lat' dir='ltr'>amicir.</span> 
     </span>
     <span class='ocr_line' id='line_1_40' title="bbox 40 2576 790 2645; baseline 0.003 -17"><span class='ocrx_word' id='word_1_250' title='bbox 40 2583 115 2645; x_wconf 73' lang='lat' dir='ltr'>Surge</span> <span class='ocrx_word' id='word_1_251' title='bbox 127 2578 213 2628; x_wconf 79' lang='lat' dir='ltr'>animis</span> <span class='ocrx_word' id='word_1_252' title='bbox 226 2576 346 2643; x_wconf 72' lang='lat' dir='ltr'>Pompeii,</span> <span class='ocrx_word' id='word_1_253' title='bbox 377 2588 492 2639; x_wconf 80' lang='lat' dir='ltr'>magnum</span> <span class='ocrx_word' id='word_1_254' title='bbox 503 2578 579 2637; x_wconf 80' lang='lat' dir='ltr'>partis</span> <span class='ocrx_word' id='word_1_255' title='bbox 597 2577 670 2629; x_wconf 83' lang='lat' dir='ltr'>affere</span> <span class='ocrx_word' id='word_1_256' title='bbox 682 2589 790 2637; x_wconf 78' lang='lat' dir='ltr'>nomen,</span> 
     </span>
     <span class='ocr_line' id='line_1_41' title="bbox 41 2638 598 2708; baseline -0.002 -15"><span class='ocrx_word' id='word_1_257' title='bbox 41 2646 73 2693; x_wconf 83' lang='lat' dir='ltr'>Et</span> <span class='ocrx_word' id='word_1_258' title='bbox 87 2642 184 2708; x_wconf 74' lang='lat' dir='ltr'>generis</span> <span class='ocrx_word' id='word_1_259' title='bbox 200 2641 277 2691; x_wconf 79' lang='lat' dir='ltr'>fatum</span> <span class='ocrx_word' id='word_1_260' title='bbox 289 2640 357 2689; x_wconf 83' lang='lat' dir='ltr'>tanti.</span> <span class='ocrx_word' id='word_1_261' title='bbox 373 2638 475 2689; x_wconf 83' lang='lat' dir='ltr'>scrutare</span> <span class='ocrx_word' id='word_1_262' title='bbox 488 2653 598 2692; x_wconf 82' lang='lat' dir='ltr'>remotos</span> 
     </span>
    </p>

    <p class='ocr_par' dir='ltr' id='par_1_16' title="bbox 40 2702 695 2842">
     <span class='ocr_line' id='line_1_42' title="bbox 41 2702 671 2770; baseline 0.002 -16"><span class='ocrx_word' id='word_1_263' title='bbox 41 2711 173 2755; x_wconf 85' lang='lat' dir='ltr'>Terrarum</span> <span class='ocrx_word' id='word_1_264' title='bbox 184 2706 285 2761; x_wconf 74' lang='lat' dir='ltr'>erastus,</span> <span class='ocrx_word' id='word_1_265' title='bbox 303 2717 344 2770; x_wconf 87' lang='lat' dir='ltr'>per</span> <span class='ocrx_word' id='word_1_266' title='bbox 358 2716 481 2768; x_wconf 79' lang='lat' dir='ltr'>regnaque</span> <span class='ocrx_word' id='word_1_267' title='bbox 492 2702 570 2754; x_wconf 85' lang='lat' dir='ltr'>dillita</span> <span class='ocrx_word' id='word_1_268' title='bbox 582 2719 671 2770; x_wconf 85' lang='lat' dir='ltr'>quaere</span> 
     </span>
     <span class='ocr_line' id='line_1_43' title="bbox 40 2766 695 2842; baseline 0.006 -25"><span class='ocrx_word' id='word_1_269' title='bbox 40 2770 156 2823; x_wconf 71' lang='lat' dir='ltr'>Quantus</span> <span class='ocrx_word' id='word_1_270' title='bbox 170 2779 222 2817; x_wconf 81' lang='lat' dir='ltr'>erat</span> <span class='ocrx_word' id='word_1_271' title='bbox 233 2767 300 2817; x_wconf 86' lang='lat' dir='ltr'>fama</span> <span class='ocrx_word' id='word_1_272' title='bbox 316 2766 425 2832; x_wconf 83' lang='lat' dir='ltr'>genitor,</span> <span class='ocrx_word' id='word_1_273' title='bbox 439 2766 587 2842; x_wconf 75' lang='lat' dir='ltr'>quantasque</span> <span class='ocrx_word' id='word_1_274' title='bbox 597 2768 695 2836; x_wconf 85' lang='lat' dir='ltr'>reliquit</span> 
     </span>
    </p>
   </div>
   <div class='ocr_carea' id='block_1_3' title="bbox 41 2827 829 2945">
    <p class='ocr_par' dir='ltr' id='par_1_17' title="bbox 41 2827 829 2945">
     <span class='ocr_line' id='line_1_44' title="bbox 41 2827 829 2945; baseline 0.004 -62"><span class='ocrx_word' id='word_1_275' title='bbox 41 2831 165 2885; x_wconf 71' lang='lat' dir='ltr'>nominis</span> <span class='ocrx_word' id='word_1_276' title='bbox 177 2829 275 2885; x_wconf 83' lang='lat' dir='ltr'>haeredi</span> <span class='ocrx_word' id='word_1_277' title='bbox 294 2827 349 2883; x_wconf 86' lang='lat' dir='ltr'>solo</span> <span class='ocrx_word' id='word_1_278' title='bbox 362 2830 515 2882; x_wconf 80' lang='lat' dir='ltr'>reluomrrre</span> <span class='ocrx_word' id='word_1_279' title='bbox 530 2845 602 2885; x_wconf 73' lang='lat' dir='ltr'>ruer.</span> <span class='ocrx_word' id='word_1_280' title='bbox 754 2893 829 2945; x_wconf 45' lang='lat' dir='ltr'>m·</span> 
     </span>
    </p>
   </div>
   <div class='ocr_carea' id='block_1_4' title="bbox 839 3049 892 3123">
    <p class='ocr_par' dir='ltr' id='par_1_18' title="bbox 839 3049 892 3123">
     <span class='ocr_line' id='line_1_45' title="bbox 839 3049 892 3123; baseline 0 0"><span class='ocrx_word' id='word_1_281' title='bbox 839 3049 892 3123; x_wconf 71' lang='lat' dir='ltr'><em>A</em></span> 
     </span>
    </p>
   </div>
   <div class='ocr_carea' id='block_1_5' title="bbox 0 0 926 3150">
    <p class='ocr_par' dir='ltr' id='par_1_19' title="bbox 0 0 926 3150">
     <span class='ocr_line' id='line_1_46' title="bbox 0 0 926 3150; baseline 0 0"><span class='ocrx_word' id='word_1_282' title='bbox 0 0 926 3150; x_wconf 95' lang='lat' dir='ltr'> </span> 
     </span>
    </p>
   </div>
  </div>
 </body>
</html>
