1809 3150
248 66 603 128 testimonia

30 154 98 203 Cato
111 149 221 204 adversus
236 167 347 220 potentes
355 157 446 223 semper
452 156 584 223 obliquus,
599 156 815 211 maiestatemne:

32 219 127 281 peium,
146 214 250 283 allisque
270 220 320 276 eiua
336 220 479 286 obstrepere.
511 223 559 272 iiie
571 221 643 271 dolor
661 220 817 273 transversum
876 239 887 249 ²

30 281 97 342 egit,
111 280 138 329 te
152 280 183 329 ad
193 281 308 345 praesidia
318 283 432 350 dignitati
444 284 550 350 paranda
561 285 666 349 impulit.
683 290 819 336 Fortetune

31 338 127 392 Craisua
138 357 240 407 genere,
255 345 361 403 divitiis,
375 346 494 411 <lignitate
509 345 628 405 florebat,
650 349 721 397 uellet
733 359 818 397 tamen

31 407 150 479 auiiiores
162 421 229 471 opes.
265 410 339 469 cajus
354 407 444 459 Caesar
459 410 613 474 eloquentia,
631 409 766 474 suspiritu,
790 411 818 460 δι

29 483 82 528 lam
99 468 222 521 consuiant
234 470 390 522 alienabatur.
416 476 543 537 Pompeius
555 486 636 522 tamen
648 471 715 536 super
727 486 820 522 utrum·

33 548 82 596 que
95 531 223 585 eminebat.
264 534 301 582 sic
315 536 388 600 igitur
399 535 492 585 Caesare
503 536 648 602 dignitatem
662 549 817 599 comparare,

34 594 119 645 Crasso
131 610 237 660 augere,
266 600 382 661 Pompeio
395 599 499 648 retinere
514 597 678 662 cupientibus,
694 594 818 648 omnibus-

34 673 83 724 que
95 659 184 724 patite'r
195 661 319 725 potentiae
334 661 445 726 cupidis,
469 661 500 710 de
511 661 646 711 irrvadenda
657 660 747 727 Repub.
760 661 820 710 saci·

34 723 60 771 le
80 722 202 771 convenit.
240 727 303 786 Ergo
321 739 376 773 cum
388 726 478 773 mutuis
496 723 585 774 viribus
603 726 629 773 in
642 724 707 775 suum
719 723 821 790 quisque

34 783 106 834 decus
119 785 248 843 niteretur,
265 788 374 837 Galliam
387 787 478 837 Caesar
492 787 600 845 invadit,
615 788 709 837 Crallus
721 787 819 844 Asrttn,

34 847 163 911 Pompeius
175 846 329 912 Hispaniam,
346 865 394 900 tres
406 852 528 900 maximos
540 851 671 900 exercitus:
689 855 714 901 δι
732 849 822 912 jamiie

35 907 102 959 orbis
128 910 276 975 imperium,
301 910 416 965 societate
428 916 508 962 trium
531 915 666 979 principum
685 926 819 977 occupatur.

36 978 129 1024 Decem
140 988 217 1024 annos
229 975 302 1025 traxit
314 973 357 1025 itia
370 976 514 1027 dominatio.
537 976 629 1025 Exinde
643 978 759 1040 quoniam
766 991 822 1025 mu·

37 1047 81 1084 tuo
95 1050 160 1086 metu
172 1037 326 1096 tenebantur,
343 1038 418 1089 craili
430 1052 510 1089 morte
522 1038 584 1103 apud
591 1041 705 1097 Parthos,
722 1043 823 1089 &mor-

37 1112 64 1148 te
76 1099 154 1172 luliae
168 1100 266 1151 casaris
278 1100 343 1151 filiae
356 1135 363 1158 ,
385 1116 445 1164 quat
457 1115 529 1165 nupta
542 1104 673 1167 Pompeio,
691 1102 773 1166 generi
784 1100 824 1150 so·

39 1175 136 1226 terrque
161 1164 477 1214 concordiammattimonii
494 1165 594 1215 foedere
614 1165 726 1222 tenebat,
741 1165 824 1214 statim
878 1183 881 1189 ”

40 1224 161 1274 :emulatio
180 1229 262 1291 erupit.
301 1228 356 1289 Jam
374 1229 488 1291 Pompeio
500 1227 618 1291 suspeelae
631 1229 738 1278 Caesaris
749 1243 823 1292 opes,

42 1290 69 1338 δι
82 1286 180 1339 Caesari
192 1292 337 1354 Pompeiana
356 1290 461 1355 dignitas
475 1295 563 1354 gravis.
603 1295 657 1339 Nec
674 1293 714 1340 hic
727 1289 822 1339 fetebat

40 1365 144 1464 parem,
172 1358 216 1403 ne'c
234 1354 277 1402 ilie
292 1352 443 1417 superiorem.
478 1354 574 1404 Nefas!
598 1352 629 1402 fic
642 1354 673 1403 de
689 1354 835 1419 principatu¹

54 1413 199 1473 aborabaut,
213 1429 330 1481 tanquam
342 1416 402 1465 duos
416 1430 483 1465 tanta
496 1419 590 1482 imperii
604 1416 700 1466 sorutna
720 1432 769 1464 non
787 1430 825 1463 ca·

43 1492 121 1542 petet.
142 1483 208 1542 Ergo
220 1482 326 1531 Lentulo
340 1481 507 1543 Marcelloque
518 1478 653 1531 consulibus
668 1493 734 1544 rupta
746 1480 827 1543 prima

42 1542 215 1606 coniurationis
232 1542 280 1594 fide
300 1543 330 1592 de
345 1540 486 1602 successione
498 1541 605 1594 Caesaris
625 1541 732 1602 senatus,
747 1541 827 1593 idem·

46 1619 95 1670 que
108 1606 234 1672 Pompeius
251 1607 378 1674 agitabat:
400 1623 445 1658 nec
456 1610 498 1657 iiie
511 1605 649 1662 abnuebat,
679 1606 696 1655 si
712 1610 775 1657 ratio
791 1604 828 1656 sui

44 1671 162 1734 proximis
173 1674 279 1721 comitiis
302 1669 426 1721 haberetur
448 1672 602 1728 consulatum
626 1669 731 1728 absenti,
750 1684 827 1735 quem

47 1731 132 1781 decem
142 1733 249 1792 tribuni,
270 1733 367 1784 favente
379 1737 496 1798 Pompeio
507 1750 580 1799 nuper
591 1734 759 1791 decreverant,
773 1745 828 1783 tum

47 1794 209 1846 diffimulante
223 1798 309 1847 eodem
322 1796 461 1862 negabatur.
481 1803 595 1854 Veniret,
607 1798 736 1862 &peteret
750 1795 828 1851 maio·

48 1873 103 1906 tum
117 1873 193 1909 more.
228 1862 271 1910 ille
284 1874 367 1909 contra
380 1860 490 1923 flagitare
502 1862 618 1915 decreta,
644 1858 829 1909 acuisriulide

45 1935 232 1979 permanerent,
253 1938 302 1973 nou
321 1923 344 1971 se
362 1922 507 1972 dimissurum
518 1923 655 1972 exercitum.
687 1928 752 1987 Ergo
764 1933 789 1969 ut
801 1922 829 1970 in

47 1982 144 2033 hostem
159 1981 301 2034 decernitur.
340 1987 382 2034 His
399 1985 486 2034 Caesar
497 1987 614 2050 agitatus,
630 1985 711 2033 statuit
723 1986 830 2048 praemia

51 2062 175 2096 armorum
187 2050 260 2096 armis
273 2047 407 2096 defendere.
440 2049 519 2097 Prima
536 2049 612 2097 civilis
631 2047 689 2097 belii
701 2062 788 2102 arena,
805 2053 829 2095 l·

50 2111 108 2162 talia
122 2109 182 2167 suit,
201 2113 264 2169 culus
278 2113 341 2159 atce's
353 2111 443 2160 leuibus
459 2109 582 2173 praefidiit
593 2112 720 2171 Pompeius
737 2108 831 2169 insede·

49 2186 102 2230 tarr
121 2172 160 2221 sed
174 2172 345 2232 omniaiubtro
358 2173 466 2223 Caesaris
477 2172 680 2238 imperuopprelia
692 2171 752 2222 sunt,
780 2174 832 2221 Pri·
894 2195 898 2210 i

50 2251 91 2300 ma
104 2237 214 2286 Arimino
227 2233 292 2301 signa
305 2237 452 2285 cecinerunt.
484 2241 546 2285 Tum
560 2239 637 2300 pulsus
650 2237 742 2286 Etruria
757 2235 830 2291 Libo,

50 2297 151 2347 Umbria
164 2298 296 2355 Thermus,
312 2300 434 2349 Domitius
448 2298 567 2349 Corfinio.
599 2309 628 2352 kt
645 2300 765 2363 petatium
778 2309 829 2345 erat

51 2360 143 2410 bellum
156 2358 205 2409 fine
223 2360 335 2427 sanguiue
350 2396 358 2419 ,
387 2361 404 2410 li
419 2365 559 2427 Pompeium
570 2361 692 2413 Brundusii
709 2361 832 2425 opprime·

50 2439 92 2477 re.
117 2437 143 2473 ut
155 2437 279 2487 coeperat,
305 2422 425 2488 potuisset.
464 2425 508 2474 sed
521 2427 562 2475 ille
583 2441 621 2489 per
633 2423 716 2475 obsessi
733 2422 833 2473 claustra

51 2500 133 2551 portus
145 2488 262 2537 nodlurtra
272 2485 330 2551 suga
343 2488 425 2537 evafit.
462 2494 542 2553 Turpe
548 2488 621 2539 ditio.
637 2487 712 2538 modo
723 2489 832 2551 princeps

51 2562 158 2615 patrum,
172 2550 237 2615 pacit
250 2549 355 2613 bellique
367 2550 522 2610 moderator,
545 2566 587 2615 pet
599 2551 770 2616 triumphatum
782 2547 796 2596 i
809 2547 833 2597 se

53 2627 119 2662 mate
131 2613 234 2662 laterata
246 2615 271 2663 δι
284 2628 357 2677 paene
369 2613 457 2663 inermi
469 2630 530 2664 nave
544 2616 659 2677 fugiebat.
690 2618 743 2662 Nec
758 2617 831 2659 Pom·

52 2678 120 2739 pejus
131 2674 162 2725 ab
178 2676 263 2730 italia,
280 2690 353 2739 quam
365 2675 459 2726 senatur
465 2679 495 2727 ab
502 2676 558 2725 urbe
567 2679 661 2742 fugatur
668 2678 732 2738 prior
741 2692 749 2719 .·
758 2686 832 2736 quam

51 2754 129 2802 paene
141 2753 238 2788 vacuam
251 2751 337 2794 metu,
363 2736 452 2788 Caesar
468 2739 597 2803 ingressus,
612 2739 735 2787 consulem
748 2733 772 2782 se
785 2733 833 2796 ipse

51 2801 119 2850 facit.
152 2801 277 2849 Aerarium
289 2814 384 2863 quoqne
404 2799 509 2851 sanetum
526 2838 534 2859 ,
563 2803 618 2865 quia
635 2801 725 2850 tardius
742 2801 834 2861 apetie·

53 2862 112 2913 bant
130 2862 253 2923 Tribuni,
283 2859 347 2927 iuliit
363 2859 479 2929 effringi,
510 2863 652 2929 censumque
674 2864 699 2915 bt
717 2861 832 2932 patrimo·

758 2937 826 2973 neuun
