1809 3150
79 101 126 152 m
350 94 372 145 1.
404 96 428 144 U
452 96 481 148 ‘C
512 92 537 145 Ᾰ
568 96 592 144 N
623 97 635 145 Ι
884 1 898 181 1

75 187 189 245 Graecia,
205 187 382 253 Cetropireque
396 187 465 238 sonat
478 192 556 253 gravis
573 189 680 241 aemulus
693 189 803 251 undae.

73 250 150 299 Testis
161 250 263 299 Acidalia
274 264 334 314 quae
345 251 455 301 condidit
471 255 524 302 alite
538 268 627 303 mutos.

73 311 205 363 Euboicam
219 311 322 363 referens
334 313 431 365 secunda
443 316 560 379 Neapolis
575 330 667 366 arcem.

72 376 159 437 Qualis
170 378 195 424 io
213 375 306 438 Superi,
327 378 405 440 qualis
419 379 486 426 nitor
498 380 548 427 oris
563 383 670 430 amoenis

73 437 194 487 vocibus?
205 438 261 485 hinc
272 436 349 489 solido
360 438 458 504 fulgore
471 441 584 489 micantia
597 442 679 495 uerba¹

72 502 206 564 Implevere
225 500 307 548 locos:
323 501 378 550 hinc
396 514 513 552 exornata
526 503 606 566 figuris

70 563 196 617 Advolat,
218 559 313 613 excuil‘o
333 566 403 613 velox
418 562 535 615 sententia
549 579 631 616 torno.

70 630 162 688 Magna
173 624 272 688 quidem
286 627 359 675 virtus
377 638 440 683 etat,
455 641 479 677 cr
493 627 511 677 fi
527 626 579 678 sola
597 628 691 689 fallier,

69 688 177 751 Eloquio
190 687 295 737 sanilam
314 689 390 738 modo
413 693 558 754 permulcere
578 696 710 751 Senatum,

68 754 203 800 Exonerate
215 751 269 813 pios
281 751 373 809 modo,
388 769 449 802 nunc
464 769 561 802 onerate
574 770 706 808 nocentes:

70 811 189 876 Sedsupct
202 814 246 862 ista
262 829 345 863 movet
357 816 442 878 plenus
453 818 570 880 gravitate
591 817 675 868 serenat

69 876 166 932 Vultus,
182 887 206 924 et
217 875 304 947 infigni
317 876 467 942 praestinguit
480 880 587 945 imagine
599 881 667 931 visus.

64 938 136 987 ’ralis
150 936 209 986 inest
221 939 328 995 habitus,
343 942 438 1001 qualem
451 957 495 990 nec
506 942 583 991 dicere
595 943 734 1003 maestum,

68 1004 122 1048 Nec
141 999 254 1059 fluidum3
269 1003 332 1050 laeta
349 1001 389 1051 sed
402 1006 530 1052 tetricitate
540 1004 655 1058 decorum

67 1061 206 1112 Poffumus:
221 1065 339 1130 ingenitae
353 1064 395 1113 ilat
408 1066 545 1115 nobilitatis
557 1071 581 1115 in
592 1069 639 1116 illo

67 1129 151 1175 Pulcer
166 1125 265 1180 honos,
281 1141 305 1175 er
318 1126 391 1191 digna
407 1127 450 1178 suis
463 1127 581 1178 natalibus
598 1145 649 1178 ora.
705 1168 707 1171 .

66 1188 171 1237 Additur
183 1189 228 1238 ltuc
244 1202 270 1237 et
282 1189 340 1250 justa
360 1189 419 1238 fides
432 1224 439 1245 ,
464 1206 489 1239 tr
499 1193 571 1255 plena
582 1191 681 1256 pudoris

64 1249 194 1308 Libertas,
208 1249 347 1315 animusque
360 1255 424 1301 mala
434 1252 555 1316 ferrugine
576 1269 660 1318 purusr

64 1312 163 1379 Ipsaque
177 1313 276 1379 postello
291 1328 360 1365 mens
373 1315 407 1364 est
418 1318 557 1379 opulentior
570 1331 634 1368 auro.

65 1378 127 1438 Quis
138 1391 179 1425 tua
191 1378 308 1426 cultorum
321 1381 410 1441 juvenis
421 1378 525 1427 facunde
539 1393 637 1429 tuorum

64 1441 164 1489 Limina
176 1454 263 1503 pauper
276 1441 339 1497 ulit,
365 1454 437 1503 quem
450 1456 500 1490 non
513 1440 622 1491 animosa
634 1441 735 1496 marum

64 1503 126 1556 Exci
144 1504 174 1558 it,
196 1514 219 1550 et
233 1501 308 1551 subito
321 1503 385 1561 juvat
398 1503 550 1568 indulgentia
562 1503 644 1554 censui

63 1518 186 1630 Quodque
199 1565 274 1629 magis
285 1563 351 1613 dono
368 1564 453 1623 fuerit,
467 1565 590 1630 preriofius
600 1568 689 1628 omni,

63 1627 154 1691 Diligis
169 1642 198 1675 ex
215 1642 309 1691 aequo:
325 1642 369 1678 nec
384 1643 409 1677 te
421 1628 519 1679 fortuna
530 1630 658 1687 clientum,

64 1688 194 1739 Natalesve
213 1702 328 1741 movent:
346 1692 446 1754 probitas
464 1692 582 1755 speciatur
594 1693 692 1745 inillis.

62 1753 138 1802 Nulla
155 1751 305 1865 superbonum
321 1758 440 1817 patiuntur
457 1755 521 1805 dida
537 1757 662 1818 jocorum:

65 1818 165 1867 Nullius
188 1815 268 1866 ubiros
283 1816 360 1866 adfert
378 1818 465 1878 injuria
478 1816 543 1868 risus.

61 1879 130 1928 Vnus
146 1881 265 1929 amicitiae
275 1878 381 1929 summos
398 1893 468 1940 tenor
483 1879 574 1938 ambit,
589 1892 614 1929 et
629 1880 704 1933 ineu

56 1944 129 1990 Rara
141 1942 226 1991 domus
240 1956 335 1993 tenuem
347 1958 398 1991 non
412 1941 546 2007 aspernatur
562 1944 681 2000 amicum

60 2007 175 2069 Raraque
191 2020 240 2053 non
255 2005 371 2055 humilem
386 2007 461 2054 calcat
474 2005 560 2055 filiola
574 2007 699 2057 clientem.

60 2067 116 2115 lllic
132 2066 193 2116 calla
207 2069 264 2115 licet
280 2081 361 2124 mens,
377 2080 401 2116 et
412 2065 461 2117 fine
476 2070 576 2118 crimine
592 2067 684 2117 constet

59 2130 130 2184 Vita,
141 2138 227 2178 'tamen
239 2128 344 2192 probitas
358 2143 414 2178 cum
425 2144 561 2193 paupertate
576 2129 671 2193 iacebit.

61 2190 108 2240 Sed
124 2191 194 2240 lateri
209 2192 288 2240 nullus
303 2191 421 2240 comitem
437 2192 583 2242 circumdare
596 2193 695 2268 quaerit.

60 2258 139 2316 Quem
152 2254 191 2302 dat
207 2267 279 2316 purus
300 2267 388 2311 amor,
403 2253 443 2303 sed
455 2268 529 2318 quem
541 2256 594 2306 tulit
606 2255 680 2320 impia
693 2266 804 2312 merces,

58 2318 112 2364 Nee
128 2313 253 2379 quisquam
270 2329 325 2366 vero
345 2316 447 2381 pretitun
465 2319 564 2382 largitur
577 2319 673 2376 amico,

59 2382 139 2442 Qrem
154 2389 219 2440 regat
230 2392 260 2428 ex
272 2392 365 2442 aequo,
380 2377 516 2444 vicibusque
528 2392 622 2446 regatur
635 2376 665 2429 ab
678 2378 723 2428 illo
737 2394 745 2426 e

58 2439 106 2490 Sed
120 2438 233 2490 miletum
245 2456 316 2506 parva
329 2441 389 2506 stipe
405 2452 526 2500 munerat,
546 2457 572 2494 ut
589 2440 743 2509 pudibundos

57 2508 175 2553 Exercere
189 2502 248 2553 sales
264 2505 327 2553 inter
342 2506 451 2555 convivia
463 2504 542 2571 poliit.

29 2579 37 2595 ·
58 2565 106 2617 lsta
117 2568 200 2630 procul
216 2565 296 2624 labes,
310 2569 393 2630 procul
407 2567 467 2618 haec
480 2574 584 2619 fortuna
598 2566 688 2634 reflagit
784 2607 790 2617 .

57 2628 114 2677 Piso
130 2641 196 2677 tuam
210 2629 343 2678 venerande
357 2629 475 2688 domum3
491 2632 610 2688 rumicis,
624 2633 649 2681 δι
662 2630 711 2681 acti
732 2673 755 2702 „a

58 2688 190 2753 asperitate
202 2704 297 2748 carens,
312 2689 438 2757 politoque
454 2707 494 2757 pet
505 2696 589 2743 omnia
599 2692 676 2752 fastu,

57 2757 124 2801 Inter
138 2765 163 2800 ut
176 2754 289 2815 aequales
305 2767 366 2803 unus
381 2755 511 2804 numeraris
526 2756 632 2805 umens:

57 2811 254 2881 obsequiumque
266 2813 353 2878 dnus,
373 2828 398 2868 et
409 2830 518 2869 amorem
534 2812 835 2930 quaerisamandobmffl

897 2237 899 2310 l
