1809 3150
221 77 439 128 wenni„
463 80 552 131 Lis.
580 83 631 131 iv.
740 83 742 87 ’
773 91 821 146 341

27 148 199 207 Discumbuet
213 155 309 207 menfis.
336 154 467 220 postquam
477 158 622 223 compressus
640 158 726 212 edendi

29 218 77 267 Est
88 233 176 276 amon
190 219 313 281 intrepido
328 220 426 269 tundent
439 218 472 269 stt
486 220 585 271 inchoat
601 236 662 280 ore,

35 282 205 343 Petreiumque
218 286 277 331 toris
293 281 354 345 Juba
372 288 425 333 Rex
438 280 525 333 affatur
535 282 565 333 ab
576 286 648 334 altis:

36 350 76 394 En
88 349 200 393 Romane
213 344 280 395 vides
293 358 343 406 quo
360 360 406 395 nos
421 350 529 395 Fortuna
545 347 645 413 redegit.

37 408 93 454 sola
113 407 197 456 relista
213 408 274 455 salus
290 408 417 458 clementio
433 407 558 465 Caesaris3
574 423 598 457 at
615 425 665 459 non

37 472 92 518 Nos
105 468 156 525 dito
169 482 220 517 tam
234 468 323 519 suimus
339 469 464 520 temnendi
478 470 585 520 Caesaris
599 472 695 530 hostes,

38 530 183 582 Adversuste
198 532 336 583 iilumtsnr
348 534 446 582 innoxia
463 532 575 597 geffimus
590 549 675 606 arura⁸

37 597 70 641 Ut
84 597 180 642 veniam
195 594 267 643 liceat
282 591 349 644 salvo
363 593 456 658 sperone
469 596 574 658 pudore,

38 655 156 704 oblatave
168 657 216 705 itui
241 671 303 720 qnae
318 672 367 706 non
381 657 440 706 dant
454 670 520 706 arma
535 656 657 717 salutem.

39 722 103 767 Dent
116 717 254 768 libertatem
267 717 344 768 nobis.
362 735 403 771 nte
419 733 483 769 certa
495 720 602 769 manebit
658 752 660 755 v
759 738 762 743 ·

39 780 148 831 Libertas
162 778 242 838 serr03
259 797 301 830 nee
313 781 372 846 dign
424 782 521 832 eredere
534 784 610 832 vitam

38 848 107 892 Hanc
125 842 218 908 poss‘urn
241 844 318 900 votis,
332 857 358 894 ut
370 798 473 910 st'spblice
485 849 554 910 Rege
565 842 674 908 superbus

39 910 157 955 lotumeat
169 904 281 963 caesatt.
293 922 338 955 uec
350 921 424 971 quom
436 905 529 957 vidisset
542 909 636 957 honore

38 971 66 1016 ln
83 967 176 1017 summo
190 967 271 1018 forsan
293 968 329 1032 (fi
342 970 379 1018 vel
393 972 519 1031 Pompeius
532 970 558 1020 in
571 972 634 1021 stris

40 1030 179 1089 Thessalicis
191 1032 268 1088 olim,
283 1032 318 1079 tel
330 1030 413 1081 nosiris
427 1033 504 1095 Scipio
518 1032 586 1082 tertis

41 1091 152 1156 vicisset)
168 1094 272 1153 mejam
288 1094 409 1168 captivum
423 1099 505 1144 Roma
523 1092 619 1145 videbit

40 1158 114 1218 Regia
133 1155 289 1220 praebentem
302 1155 401 1206 ridenda
416 1155 546 1219 Quiritibus
560 1171 604 1207 ort
690 1208 691 1211 ,

41 1224 103 1268 Ante
118 1219 291 1282 triumphantes
303 1231 398 1276 currus,
412 1233 437 1267 ut
451 1220 513 1269 vista
525 1225 554 1283 Sy
571 1219 639 1269 hatis

42 1287 121 1342 Atque
137 1282 239 1329 taenari
254 1292 374 1347 traxerunt
389 1283 454 1331 colla
468 1280 497 1345 Ju
530 1234 606 1331 resae.

42 1346 92 1393 bite
109 1341 173 1408 Juba
190 1342 326 1399 ridendum,
340 1358 384 1393 nec
394 1347 442 1393 erit
487 1344 593 1395 'erabile
604 1354 697 1392 nomen

43 1403 171 1457 caesareis.
196 1422 249 1456 non
262 1404 335 1455 corda
347 1406 423 1464 mihi,
435 1410 562 1464 nonaria,
576 1404 691 1457 manusve

43 1468 78 1517 nn
90 1470 166 1518 letum
178 1467 263 1518 desunt
270 1468 282 1517 '.·.
293 1466 334 1518 sed
353 1482 392 1525 te,
408 1472 515 1529 Petreie,
529 1464 657 1533 supremae

43 1531 182 1596 Participern
197 1530 369 1589 furiosamte,
383 1529 515 1597 mortisque
526 1530 635 1584 decorae.

45 1594 114 1643 const
132 1609 189 1645 reos
201 1594 287 1645 eadem
299 1595 390 1656 junxit,
403 1594 555 1659 ¹fortunaque
567 1596 659 1653 νίἂοες

44 1660 109 1707 Nunc
125 1657 213 1707 eadem
227 1659 302 1709 virtus
313 1657 445 1706 morientes
460 1659 540 1723 jungat
553 1658 674 1722 utrosque.

21 1721 22 1726 ’
44 1720 133 1784 stringe
145 1717 238 1777 ensem,
261 1732 286 1769 et
304 1735 399 1769 mecum
413 1721 499 1783 paritet
511 1735 574 1770 nunc
585 1718 760 1777 utetedextra‚.

21 1779 23 1792 '
44 1788 191 1848 Qtsetantus
203 1783 328 1847 guichram
340 1796 381 1847 per
392 1796 476 1830 mutua
487 1782 585 1831 vulnera
598 1794 720 1838 mortem,

43 1849 70 1894 Et
82 1844 224 1894 libertatem
236 1846 304 1896 citius
316 1847 370 1908 quis
382 1844 457 1893 donet
470 1845 550 1893 amito

43 1905 182 1958 contendat
192 1906 272 1958 feralis
287 1921 363 1956 amor.
382 1906 489 1955 Petreius
503 1905 560 1956 tuse

44 1971 77 2020 sic
87 1970 191 2020 breuiter
203 1968 298 2019 striao:
317 1967 462 2032 Libycarum
475 1972 581 2018 maxime
592 1973 716 2033 aeguo„

44 2032 114 2091 Cujus
126 2032 274 2081 honoratum
286 2047 326 2096 pet
342 2032 434 2082 saecula
445 2046 538 2080 nomen
550 2029 651 2081 habebit·

44 2095 154 2145 Ausonia.
169 2095 232 2144 hanc
245 2094 341 2144 laudem
355 2096 392 2143 tui
408 2110 450 2143 rne
461 2094 548 2144 debere
562 2093 674 2150 fatebor,

46 2159 111 2219 (Nec
122 2157 196 2221 pudet
209 2155 346 2220 Hesperium
359 2158 489 2208 Dustorem
500 2155 603 2211 discere,
616 2169 695 2206 tanto·

45 2224 109 2287 Rege
122 2220 241 2276 docente,
255 2220 318 2268 mori
332 2218 342 2281 )
360 2219 441 2267 Latius
454 2219 565 2283 gaudebit
578 2220 673 2268 honore

45 2287 96 2333 Hoc
110 2283 216 2338 Genius,
232 2295 297 2331 nete
315 2281 435 2344 captiuum
451 2280 655 2339 nemausense,

45 2350 121 2409 Qtetn
140 2344 264 2395 libertates
282 2341 371 2393 nostras
390 2339 503 2407 legesque
521 2355 631 2393 tuentem

44 2409 158 2470 laudauit
171 2407 264 2464 toties,
278 2404 383 2469 sociique
401 2404 501 2456 infamia
512 2406 588 2470 Regis

44 2471 149 2520 Caesaris
162 2467 261 2530 injustos
278 2463 361 2532 posset.
371 2467 485 2517 decorate
496 2466 640 2531 triumphos,
722 2471 724 2474 ’

44 2534 125 2583 Rotna
139 2530 231 2598 Jubae',
247 2529 304 2580 ficut
322 2526 470 2588 Masinissae,
485 2545 574 2580 nornen
586 2526 690 2587 amabits

45 2598 95 2645 Nec
108 2596 213 2646 meliore
229 2606 287 2642 nota
301 2587 401 2660 signabit
416 2590 524 2643 Caesaris
537 2595 590 2643 asia
685 2652 691 2663 ·

45 2662 124 2717 Quam
137 2656 257 2708 Catilinae
272 2656 334 2705 olim
348 2691 355 2713 ,
380 2669 404 2704 et
417 2656 458 2705 diri
470 2654 576 2706 consulta
588 2653 702 2718 Cethegi.

44 2721 161 2778 Dixerat,
176 2731 201 2767 et
217 2719 276 2769 totis
291 2731 432 2769 concurrunt
444 2717 532 2769 uiribus
544 2717 634 2776 ambo,

44 2786 170 2850 Gsataque
182 2781 240 2833 dant
252 2778 406 2849 referuntque
419 2795 460 2895 ρὲε
468 2782 530 2900 {eius
543 2782 642 2834 vulnera
653 2775 825 2890 uebrogi‘de-
