1809 3150
243 128 613 188 ruminetur.
779 110 826 207 315'

17 206 99 253 'runc
120 207 195 254 Deus
209 203 251 255 ille
266 204 353 275 dotet,
368 224 422 258 eum
435 207 489 261 suut
501 213 580 261 minus
598 226 654 278 apta
668 213 764 279 doceri,

20 271 93 317 eum
111 271 215 318 nullum
228 266 369 341 obstquium
381 273 515 337 praestant,
531 277 671 343 meritisque
681 280 787 337 fatentur
807 336 808 339 ,

21 332 69 382 Nil
85 329 145 380 sese
158 330 249 382 debere
261 331 322 391 surra
337 346 395 384 tune
409 338 474 387 retia
486 336 586 389 scienter

21 398 95 443 Cum
110 395 152 444 nil
166 393 227 445 seire
239 396 329 447 valent.
345 414 397 447 non
411 400 460 449 illo
472 413 582 464 tempore
596 401 676 456 sensus

21 463 170 508 Humanas
183 456 265 509 forsan
277 457 389 526 dignatur
401 478 492 513 numen
505 465 566 514 inite

22 523 95 570 curn
110 522 224 587 propriis
235 517 331 585 poffunt
343 539 384 588 pet
396 523 419 575 se
432 524 574 578 discursibus
587 528 639 586 uti,
716 561 718 563 ·

22 588 65 633 Ne
80 584 158 634 forre
172 586 278 635 humana
291 589 353 638 ratio
367 584 447 641 diuina
464 591 548 641 coiret.

55 647 178 712 Jamque
191 647 331 700 sacerdotes
346 654 441 717 Regem
453 653 478 702 in
490 652 624 719 penetralia
637 655 724 724 templi

22 714 175 761 Duxerunt.
190 712 265 824 Tfrio
276 712 427 782 resplendens
444 713 558 780 sauguine
569 729 594 766 et
606 732 664 768 auro

24 777 128 824 Stratus
141 787 197 825 erat
219 777 307 841 elius„
317 792 367 842 quo
380 792 420 836 tu,
436 780 579 830 Ptolemaee
592 775 601 839 ᾖ
614 780 754 837 recumbens

24 838 142 888 fatidici
154 837 244 888 infelix
256 853 336 904 captas
365 841 425 895 raesa
443 844 467 893 ‘ra
479 841 567 893 somni.

26 905 149 952 Sacrator
163 902 257 951 intrant
273 905 358 978 templi
369 903 420 955 sola
431 906 475 958 rlla
487 901 586 957 recell'ua

27 967 153 1022 somnia,
170 979 234 1030 quae
247 971 313 1017 Deus
324 966 374 1031 rpl'e
386 980 464 1026 ereat5
477 984 535 1019 uam
547 981 639 1023 caetera
648 972 748 1035 cunda,

28 1033 105 1094 Quae
122 1030 166 1078 vel
181 1030 310 1092 temperies
322 1031 411 1089 varias,
426 1031 535 1083 rariusre
548 1031 676 1098 sequuntur

27 1092 159 1156 corporis
174 1091 301 1150 humores,
316 1093 354 1144 vel
367 1107 429 1160 quae
440 1097 542 1160 repetita
560 1095 611 1147 diei

29 1161 82 1205 Aut
95 1153 196 1213 studia,
214 1167 254 1204 aut
265 1170 333 1205 curae
343 1154 466 1213 finxerunt
480 1156 589 1218 somnia,
604 1160 702 1226 templu

30 1220 170 1269 Exteriore
182 1219 266 1270 volant
279 1220 367 1269 multas
385 1221 509 1272 imitantia
529 1221 629 1272 formai.

31 1283 91 1333 lllie
104 1296 167 1347 prae
178 1281 278 1355 reliquis
296 1280 388 1332 fuscam
401 1285 561 1335 exhilatautia
576 1284 678 1336 nostem

31 1344 160 1396 Formosa
175 1343 273 1410 specte,
290 1343 410 1411 roseisque
417 1349 526 1398 volantia
537 1348 625 1413 pennis

33 1410 179 1476 sanguinea
190 1419 319 1521 affarent,
335 1410 469 1482 templique
481 1412 507 1461 in
519 1412 629 1476 margine
640 1409 735 1465 luduut.
748 1419 755 1434 ·

35 1472 81 1523 liis
93 1485 202 1538 quoque
230 1485 244 1520 e
255 1477 355 1522 venem
367 1487 470 1538 campo,
483 1473 629 1539 placidoque
641 1477 718 1527 virete

35 1535 113 1586 Mille
127 1534 262 1601 pharetrati
271 1533 372 1595 fratrer,
387 1550 446 1603 gens
458 1534 544 1588 mollis
556 1542 679 1589 Amorum

36 1603 180 1649 Occurrunt
195 1598 284 1656 noan,
298 1610 323 1648 et
335 1610 387 1650 tem
404 1600 430 1649 lo
442 1599 564 1651 consortia
577 1603 692 1667 iungunt.

36 1664 94 1713 illic
107 1661 247 1712 flammatis
259 1662 318 1719 alis,
326 1663 371 1713 tel
382 1615 483 1728 fulguru
495 1662 568 1714 iuliar

36 1726 216 1776 Nosturnaeve
225 1722 307 1783 facis:
330 1740 355 1774 er
370 1723 463 1778 summa
474 1727 600 1778 cacumina
609 1725 698 1793 templi

38 1789 143 1839 Somnia
160 1787 193 1838 de
204 1787 266 1838 flava
280 1739 398 1840 nafcentia
408 1789 476 1848 bile,
490 1789 575 1839 volatu

36 1857 106 1903 irato
124 1851 261 1918 strepitant,
276 1864 396 1916 tanquam
409 1852 503 1917 hostem
514 1864 631 1916 quaerere
642 1848 737 1917 semper

37 1916 183 1972 Audacem,
198 1926 222 1963 et
233 1912 314 1965 saevas
327 1914 414 1965 affueta
426 1912 539 1967 laceffere
550 1928 662 1979 pugnas;

36 1977 197 2042 Excelsoque
207 1990 292 2042 parant
305 1980 401 2029 coelum
413 1977 521 2044 superare
535 1979 629 2029 volatu.
639 2030 650 2040 ,

39 2047 74 2092 At
88 2055 178 2092 eontra
191 2039 278 2091 timide
289 2038 416 2093 tenebrosa
425 2057 468 2108 per
479 2041 540 2092 atria
551 2039 640 2106 templi

40 2111 114 2169 Quae
126 2106 198 2170 nigra
210 2104 241 2153 de
254 2104 304 2153 bile
316 2105 408 2162 fluunt,
426 2102 548 2156 demilfius
559 2103 643 2161 ibant,

41 2169 235 2233 Nodiuruaeque
245 2179 271 2216 ut
291 2183 346 2219 aves
358 2167 458 2219 strident
475 2166 590 2218 feralibus
602 2167 662 2226 alis,

39 2236 110 2282 luter
122 2230 189 2280 busta
203 2232 303 2288 volant,
320 2244 345 2281 et
356 2230 437 2283 foedis
448 2231 499 2281 sola
511 2229 639 2296 sepulchris
780 2287 782 2290 ,

40 2295 155 2346 invitant
168 2293 264 2408 suffles
278 2293 373 2345 moesta
385 2294 416 2344 ad
433 2294 663 2368 consentaneum.

41 2358 96 2408 lllic
111 2372 156 2423 per
168 2372 200 2423 po
221 2371 264 2417 es,
278 2357 407 2423 albataque
419 2357 516 2409 moenia
528 2356 616 2423 templi
748 2363 751 2368 ’

41 2426 140 2487 ignavo
154 2420 257 2480 iuceffu,
271 2421 355 2471 tardae
369 2421 492 2472 testudinis
504 2419 592 2477 instat,
772 2463 774 2466 ,

43 2485 164 2542 Somnia,
179 2499 241 2550 quae
253 2486 339 2550 pituita
351 2497 437 2545 creat,
451 2481 597 2550 trepidantia
606 2477 728 2548 serpuat3‘

43 2553 85 2599 Ne
98 2546 117 2598 fi
129 2548 198 2599 forte
210 2548 297 2599 cadant
305 2559 320 2607 ,τ
336 2547 435 2614 liquidis
447 2561 587 2614 mergantur
598 2546 624 2595 in
638 2546 726 2605 undis5

42 2616 113 2663 Nam
123 2612 219 2677 semper
229 2626 291 2663 vana
302 2611 418 2663 falluntur
431 2613 538 2687 imagine
548 2608 672 2677 lymphae.

41 2680 112 2726 Haec
124 2676 190 2726 inter
204 2676 309 2727 volitant
323 2675 445 2727 imitantia
457 2677 528 2726 mille
538 2672 623 2741 figuris

43 2738 174 2806 Quicquid
192 2752 273 2853 tigrum
302 2738 414 2798 homines
443 2737 530 2807 parlim
542 2756 553 2799 5
571 2733 735 2805 totidemque
756 2730 838 2794 semu·

41 2863 121 2934 Qud
132 2864 224 2934 patitur
232 2879 333 2935 magnus
346 2862 557 2983 divetsznggotia
572 2858 691 2933 Mundus,

785 2923 838 2981 ΑΒ

864 3033 902 3105 A
