1809 3150
525 16 547 47 Ι

227 110 611 172 auctoritati.
783 110 863 201 ιη’Δ

28 192 199 259 Duffl'ptope
209 192 299 245 sidereo
311 195 401 246 canolis
413 192 574 258 splendoribus
587 210 630 247 ote

32 258 196 316 Praeradiat,
209 261 323 325 vultuque
340 273 422 307 movet
433 261 566 323 Cleopatra
579 258 687 326 superbo.

34 324 111 370 lianc
130 319 212 379 videt,
228 322 284 372 huic
295 324 370 371 oculis
384 333 408 370 et
420 322 518 385 pedore
529 335 596 372 totus
608 324 731 387 inhaeret;

35 388 149 449 Quoque
162 386 240 449 magia
251 386 347 442 cernit‚.
355 385 432 450 magis
446 384 528 443 atdet3
544 401 635 437 caetera
647 388 696 438 visu

36 445 175 510 Splendida
189 459 252 512 quae
265 449 358 513 primo,
374 446 473 497 sordent
485 446 579 507 obieeta
591 448 713 503 secundo:

35 510 187 559 Poeminettr
199 510 274 560 decor
286 524 398 576 augetur,
413 508 543 576 crescitque
554 512 656 572 revisus,

34 578 176 636 Purpureas
188 572 264 638 stupet
276 575 319 623 ille
332 588 429 630 comat,
444 587 471 624 et
483 574 585 631 candida
597 578 675 637 colla,
697 574 701 579 ’

36 637 116 710 queis
129 637 234 700 genunio
250 638 292 686 lux
307 639 388 696 maior
401 636 469 687 inest,
487 636 631 688 abscondere
642 639 749 691 sormam

35 699 167 758 Druidae,
182 700 313 756 eximiam,
330 715 380 750 non
393 714 510 750 exornate
528 701 653 762 videntum

33 764 163 824 Quamvis
175 778 227 812 non
240 761 322 811 desunt
335 762 469 827 Erythraeo
480 779 495 812 e
510 764 591 812 littore
603 779 728 830 gemmae,

36 828 102 873 Non
115 825 194 890 spolia
209 827 254 875 Eoi
268 827 362 891 Gangis
375 859 382 882 ,
403 841 452 875 non
466 825 580 890 quicquid
593 828 617 875 in
628 831 694 880 undis

36 889 156 939 Volvitur
168 885 282 952 Assyriis,
294 903 334 937 aut
346 889 412 938 dives
424 889 501 937 mittit
514 889 653 954 Hydaspem

38 953 99 1000 Non
114 951 225 1002 Arabum
239 967 268 1002 ex
279 952 352 1017 petris
370 951 441 1001 viridi
455 948 578 1016 splendore
590 954 746 1020 smaragdus,

42 1023 98 1087 tqee
112 1016 178 1080 lapis
193 1027 302 1072 auratus,
321 1029 396 1079 quem
408 1014 450 1063 dat
460 1017 595 1075 Mareotica
607 1020 687 1068 tellus.

39 1077 145 1127 Stdetcts
162 1078 274 1128 Adamaa
288 1079 359 1127 radiis
372 1077 499 1127 hebetatur
509 1080 595 1135 ocelli,

39 1145 149 1205 Qtoque
162 1143 330 1198 mimulam,
351 1140 443 1189 formae
458 1142 536 1204 magis
552 1154 622 1207 auget
634 1141 764 1201 honorem.

40 1205 187 1268 Sapphitum
199 1204 299 1270 pulchro
309 1201 452 1268 pendentem
464 1205 559 1267 peilote
577 1208 676 1256 vincunt

40 1268 145 1316 Caerula
158 1281 272 1316 venatum
284 1268 399 1323 violarim
422 1265 489 1316 labra
500 1265 611 1315 Robinue

42 1332 101 1377 Non
113 1328 183 1378 rosea
195 1343 305 1393 aequaret
326 1329 368 1379 nist
380 1330 460 1392 primo
479 1329 541 1378 vidia
551 1329 644 1387 fuisset,

43 1396 74 1442 Et
85 1393 167 1457 pudor
178 1405 275 1457 augeret
292 1407 364 1457 quem
377 1395 417 1441 dat
431 1396 454 1441 N
458 1403 523 1439 atuta
536 1391 656 1443 ruborem.

71 1456 194 1507 Ausonius
207 1457 299 1506 Ductor
311 1454 450 1514 iamdudum
470 1454 574 1511 saucius,
590 1456 674 1519 ignem

42 1520 161 1584 Concipit
176 1517 230 1568 inde
243 1533 346 1571 notum.
362 1520 488 1582 nimioque
501 1516 641 1567 accenditur
653 1518 733 1579 aestu3

42 1586 96 1632 Nee
110 1583 233 1646 placidam
245 1583 318 1632 celate
330 1581 419 1638 studet,
434 1581 475 1629 sed
493 1581 586 1645 pascere
601 1581 744 1642 flammam3

44 1650 173 1710 Quaenam
194 1645 305 1710 (inquit)
322 1644 408 1694 nolitis
425 1643 518 1693 obstare
534 1647 640 1709 potentia
653 1648 731 1704 uotis,

42 1716 91 1758 Aut
105 1723 172 1774 quae
187 1710 256 1760 fama
273 1706 364 1772 potest?
387 1706 446 1772 quid
459 1706 491 1755 iic
503 1706 623 1757 duriilrma
636 1711 711 1761 virtus

43 1776 81 1835 Op
113 1783 189 1838 gnata
201 1774 297 1837 ageret?
311 1770 384 1820 facies
397 1769 530 1819 absolveret
543 1768 586 1817 isla

41 1832 56 1898 J
88 1835 124 1884 ite
136 1847 259 1898 raptorem
274 1835 344 1883 coelo
356 1850 364 1891 ς
380 1847 437 1882 nam
451 1833 509 1880 talia
519 1830 642 1894 quondam

43 1902 127 1965 stupra
144 1898 201 1947 Deir
213 1895 313 1947 summio
324 1894 429 1946 celebtcs
443 1892 547 1962 tribuere
558 1906 663 1958 poetae,

42 1961 149 2010 Aethere
162 1961 203 2026 qui
214 1961 285 2009 toties
299 1957 396 2022 posuere
409 1958 528 2007 Tonantis
544 1955 648 2016 amicas,

41 2027 71 2072 lit
82 2023 167 2074 forma
180 2024 282 2072 eximiae
297 2022 375 2073 fecere
385 2019 504 2071 Heroidas
517 2015 583 2070 aslra.

15 2105 16 2112 ¹
42 2086 205 2151 ’temporibus
217 2083 235 2134 si
248 2082 295 2135 aisa
307 2086 357 2135 illis
369 2086 502 2148 Cleopatra
515 2082 608 2139 fiala,

42 2153 100 2200 Non
114 2163 193 2199 coma
204 2149 313 2199 Niliacae
324 2149 447 2197 Berenices
458 2160 529 2195 autea
539 2147 616 2195 coelo·

42 2210 167 2270 lulfilset,
187 2211 299 2287 pulthtae
310 2226 355 2261 nec
370 2210 477 2260 Pleiades
489 2208 551 2258 astra
562 2204 656 2258 sulll’ent
665 2225 680 2256 :-
757 2197 762 2200 ’

45 2280 104 2326 Non
119 2276 195 2341 stupri
205 2275 308 2340 pretium
321 2272 440 2323 radiantia
452 2270 555 2336 plaustra
565 2271 657 2321 tulisset

44 2339 161 2397 Callisto,
178 2350 221 2387 aut
232 2336 319 2386 Bacchi
331 2339 419 2396 conjux
436 2334 546 2385 formosa
559 2348 684 2383 coronam.

41 2405 127 2452 Donec
138 2414 232 2466 patrem
245 2402 352 2464 aliquam
367 2401 514 2462 cleopatrae
527 2396 597 2447 stella
609 2396 693 2447 sereni

42 2464 183 2515 Nobilitate
195 2465 251 2513 Poli
261 2475 351 2513 certam
364 2460 461 2575 dilpnata
473 2455 559 2510 suisset.

43 2527 139 2592 Jupiter
156 2527 294 2590 exemplum
307 2525 370 2574 mihi
401 2537 426 2581 c,
441 2538 514 2587 quem
526 2521 594 2586 saepe
607 2519 694 2586 coegit·

43 2596 128 2641 Saevus
142 2597 228 2642 Amor
237 2604 328 2655 magno
339 2587 424 2637 furtim
435 2584 576 2635 descendere
584 2588 674 2648 coelo:

43 2656 84 2704 Vel
116 2657 183 2703 otius
198 2652 278 2702 nostra
295 2650 421 2702 absolvant
433 2650 522 2699 delista
534 2655 698 2703 tonantem„

43 2669 190 2767 Caesareum
210 2731 239 2765 ue
252 2714 310 2780 Jovi
320 2714 415 2765 veniam
428 2713 473 2763 det
485 2726 573 2762 nomen
590 2711 689 2760 amoris.

70 2785 127 2837 Ne,
143 2729 249 2836 Caesar,
263 2790 303 2827 tua
314 2790 372 2828 vota
386 2780 463 2834 time,
483 2790 535 2824 non
545 2775 645 2839 pervigil
659 2769 711 2823 isia

41 2843 203 2914 Hesperidum
215 2845 316 2910 serpena
330 2840 450 2955 fulgenga
458 2852 537 2963 5poma
550 2849 626 2892 tuetur
633 2867 650 2899 ,.
777 2893 835 2947 Nu

853 3029 893 3113 Α
