1809 3150
91 118 139 162 372
291 93 726 156 sutrtemuttru'tt

93 188 131 231 Te
142 195 240 247 quoque
251 181 297 232 flos
314 183 427 242 juvenum
441 184 579 239 Latiarum,
594 185 620 233 dt
634 184 722 234 nobile
735 195 807 233 notun

91 250 177 302 Brute,
193 258 275 309 petunt
285 249 364 311 coepti
378 246 482 301 sotium,
498 245 622 309 caedisque
637 246 757 297 nefandae

91 310 254 373 Partitipem3
270 323 295 356 ut
308 322 390 358 tantae
407 312 519 372 pietatem
531 309 664 358 obtendere
676 312 772 374 culpae,

91 375 122 419 Et
136 371 191 419 date
209 376 243 434 jus
257 370 336 420 sceleri
350 369 424 435 poss'et
440 371 576 420 venerabile
587 374 652 421 Bruti

90 438 191 482 Nomen
204 434 265 498 apud
277 436 385 498 populos.
402 436 441 483 liic
456 433 574 483 libertatis
586 433 718 499 ademptae

90 500 122 545 Et
135 499 223 561 patriae
240 497 327 545 vindex
342 496 463 547 natalibus
474 495 519 545 else
531 496 624 545 videtur
693 515 699 526 ·

90 564 113 608 Λ
126 562 217 622 Superis
229 557 379 631 defignatus,
397 575 450 614 tua²
465 560 570 608 maxime
584 565 674 617 Brute,

89 624 233 685 Progenies,
250 637 338 684 prtinus
350 627 392 685 qui
412 625 510 671 nomine
521 621 636 672 Consulis
648 637 736 674 annos.

90 683 189 747 signasti
201 687 299 740 Latios,
312 687 384 748 pultis
396 702 427 735 ert
440 683 497 734 urbe
509 688 625 746 tyrannis.

91 748 162 797 Urbis
176 759 227 795 etat
238 752 333 797 Praetor
345 757 438 797 Brutus:
455 749 491 797 cui
506 746 598 796 Caffius
611 749 684 798 ardis

90 808 189 872 Junttus
204 812 317 859 amicitiis
331 813 373 871 (ut
385 812 473 860 eodem
489 811 581 869 jurans
594 810 708 876 honore)

90 872 119 919 Et
131 885 188 921 tunc
199 872 322 924 immensis
336 873 444 937 cupiebat
461 874 550 934 jungiet
563 872 630 923 aulis.

90 939 160 984 Hunc
173 950 282 999 quoque,
297 952 350 985 cum
363 951 430 986 notas
444 938 541 984 intravit
555 936 649 985 Cassius
667 934 749 988 aedes.

89 1000 182 1047 invenlt
200 997 332 1056 moestum,
357 1014 381 1048 et
393 1001 465 1048 tacite
477 997 596 1061 surgentia
607 1013 681 1063 regna

89 1063 264 1110 Damnantem.
283 1066 353 1110 Tales
364 1061 439 1111 versat
451 1062 509 1112 dum
526 1064 621 1124 peslote
633 1076 702 1109 tutas

90 1123 182 1173 Callias
194 1124 337 1189 aggreditur
350 1128 408 1173 Non
422 1124 501 1180 vanis,
517 1129 601 1180 Brute,
616 1124 724 1187 querelis

89 1192 196 1250 Tempus
208 1199 270 1253 eget.
286 1184 320 1236 sar
331 1188 379 1247 jam
396 1191 474 1247 votis,
490 1189 613 1250 tacitoque
626 1187 708 1234 dolori

90 1247 237 1299 Concessum
253 1247 298 1308 est,
315 1249 348 1299 sat
362 1250 481 1301 consiliis:
497 1265 560 1297 nunc
570 1249 666 1318 pindice
679 1250 764 1299 dextra

89 1314 228 1371 Utendum,
238 1315 342 1363 ultorem
355 1314 428 1377 sperat
442 1327 467 1362 te
479 1320 575 1368 Roma,
593 1314 709 1374 triamque

87 1374 195 1425 Libertas
208 1374 316 1444 oppressa
334 1392 432 1425 martum
443 1378 493 1439 iam
507 1382 576 1424 Brute
587 1377 694 1437 requirit.

89 1442 145 1487 Hoc
158 1439 172 1488 ‘t
186 1453 210 1487 te
225 1439 331 1502 erpestat
349 1441 463 1503 populus,
478 1442 598 1498 taciteque
611 1450 737 1500 precatur,

89 1504 156 1550 ilaec
167 1501 231 1551 sellis
245 1500 369 1565 statuisque
381 1504 428 1551 tuis
440 1502 547 1564 inscripta
561 1501 663 1563 legebas.-

89 1563 199 1613 Authore
209 1566 301 1630 ignoto.
317 1581 392 1614 nona
408 1580 432 1614 te
445 1582 543 1616 munera
556 1579 621 1613 vana.

89 1631 195 1677 Venatus
210 1626 323 1692 ludosque
335 1643 431 1693 petunt,
447 1643 487 1679 aut
500 1629 573 1677 talia:
588 1626 640 1677 sola

89 1690 195 1741 Reddita
206 1693 303 1741 libertas
315 1700 385 1741 Bruto
399 1699 509 1741 Praetore
522 1689 614 1739 videtur

90 1754 198 1819 Dignum
210 1770 293 1805 munus
306 1757 348 1805 eis.
369 1755 450 1804 forsan
462 1756 596 1816 dumtegna
609 1752 728 1816 relinquat

91 1817 182 1875 Cesar,
194 1832 217 1866 et
229 1821 369 1884 imperium,
390 1819 455 1882 quod
468 1833 509 1883 pet
524 1831 562 1864 tot
575 1815 640 1864 bella
652 1815 767 1880 petebat,

88 1886 199 1991 Deponat
210 1879 293 1945 sponte
305 1884 421 1946 expellas.
438 1897 489 1931 nou
507 1877 590 1930 sufficit
605 1880 643 1928 illi

88 1944 120 1990 Di
147 1944 219 1991 atotis
234 1943 326 2001 honor,
344 1945 399 2007 quia
413 1942 488 1993 libera
502 1942 569 1992 novit
584 1942 703 1990 honorem

89 2010 172 2054 Roma
184 2006 259 2055 illum.
273 2009 432 2070 quodcunque
446 2006 523 2069 potest
534 2006 625 2055 donare
640 2008 737 2054 Senatus

88 2063 156 2116 Posse
170 2083 255 2130 negare
267 2082 349 2130 putat:
364 2083 408 2115 nec
418 2070 467 2128 jam
480 2068 585 2132 suprema
597 2066 699 2130 potestas

89 2131 178 2178 vitiati
192 2132 244 2178 latis
256 2130 305 2186 est,
325 2129 368 2178 nist
383 2129 411 2177 iit
426 2144 523 2193 quoque
535 2129 586 2181 sola
599 2129 712 2201 potestas.

86 2196 147 2239 Vera
160 2193 323 2257 ideoimpetii
340 2207 456 2255 quaerens
467 2192 583 2257 insignit,
598 2200 716 2256 sceptrum

87 2260 118 2304 Et
130 2253 241 2303 diadema
254 2258 321 2320 petit.
335 2254 419 2321 probat
433 2256 481 2304 ltoc
495 2258 504 2318 (
512 2256 579 2319 quod
591 2254 695 2305 vidimus
707 2262 788 2304 omnes
799 2244 815 2311 l

87 2321 156 2366 satra
168 2317 344 2375 Tribunatum,
364 2319 420 2367 dum
433 2317 557 2369 detraxere
568 2333 682 2368 coronam

86 2382 207 2430 Caesarea
219 2398 294 2447 nuper
304 2382 405 2439 statuat,
421 2383 512 2430 violata
524 2381 634 2445 potestas.

88 2451 128 2493 An
140 2459 222 2493 coram
235 2448 325 2510 populo
341 2446 468 2511 (quamvis
485 2458 537 2493 tum
549 2441 652 2509 respuit)
667 2443 712 2493 iili*

88 2506 185 2556 Obtulit
198 2510 272 2559 invito
284 2509 393 2558 diadema
404 2510 524 2557 Antonius
538 2511 627 2555 audax?

86 2577 178 2618 Annon
191 2586 216 2619 ut
229 2575 344 2635 populum
358 2583 474 2628 tentaret,
488 2566 659 2625 inambitiosa

85 2632 182 2679 Artibus
193 2632 242 2683 hot
253 2637 335 2691 loiret,
350 2648 399 2696 quo
411 2634 479 2681 vultu
490 2647 574 2694 regua,
587 2628 730 2695 priusquam.

85 2698 113 2739 Se
127 2697 223 2757 Regem
234 2696 338 2749 faceret,
353 2707 475 2758 pateretur
490 2698 595 2742 Romula
608 2695 697 2756 pubes?

83 2755 205 2807 mittetur
218 2759 337 2807 Dominus
350 2774 356 2805 :
371 2755 557 2820 libertatemque
573 2756 583 2817 (
593 2767 691 2819 paratae

81 2817 185 2868 &ilitio
198 2818 326 2886 quamtis)
345 2818 427 2871 reddat
437 2834 504 2873 mors
518 2819 628 2875 caesaris
640 2814 714 2877 Urbi
826 2880 853 2937 E!

47 3022 116 3094 Ι
