1809 3150
153 78 680 163 sricrnrurrrervrr.
782 118 830 174 aa,

41 185 88 241 tro
103 186 203 254 pudor!
220 192 314 267 Imperii
325 190 421 249 deserto
431 192 533 240 nomine
543 187 621 254 fugit,

41 257 76 303 Ut
89 257 206 303 Fortuna
216 255 275 305 levit
291 257 376 321 Magni
388 268 486 320 quoquo
495 265 565 318 terga
576 254 674 305 videret.

43 319 113 381 Ergo
130 329 200 364 tanta
213 317 265 368 lues
276 317 366 368 Divum
394 332 474 382 uoque
486 320 584 366 numina
596 317 674 367 vidit:

43 375 228 442 Consenfitqlte
240 380 313 446 fugae
325 331 392 432 coel?
403 383 493 436 timor,
510 394 567 430 ecce
579 394 620 444 per
631 377 718 431 orbem

44 442 119 492 Mitis
135 441 205 491 turba
217 434 313 502 Debui,
327 456 402 494 tetrae
413 441 486 493 erosa
494 442 602 492 furentes

44 503 143 554 Deserit
149 521 159 562 3
173 517 245 568 atque
256 507 383 558 hominum
394 506 534 557 damnatum
544 508 657 556 avertitur
669 520 761 575 agmen.

43 569 91 617 Pax
107 568 190 632 prima
201 581 256 617 anre
266 570 326 626 alias
338 605 346 628 ‚
360 572 445 621 niveos
457 568 547 636 pullata
558 570 662 619 lacertos

42 627 186 679 abscondit
196 631 262 694 palea
273 633 364 683 vietum
376 645 460 698 caput,
473 645 545 698 atquc
561 633 646 687 tolitio

44 690 114 767 orbe
129 691 206 759 fugax
215 691 282 749 ultis
294 698 354 761 perit
365 694 519 761 implacabile
534 706 641 762 regnum.

44 758 109 805 liure
125 758 241 807 comtt'it
255 756 343 809 fincera
354 760 439 817 Fides,
457 771 481 808 tt
497 759 563 808 crine
574 755 655 808 soluto

45 816 160 883 Justitia,
178 834 206 869 ac
217 835 330 871 moctcna
348 823 426 872 lacera
438 820 575 871 Concordia
587 822 658 882 palla.

46 889 79 931 At
94 894 198 940 contra,
212 881 279 933 seties
292 883 362 934 Erebi
373 899 421 950 qua
438 898 506 949 rupta
519 883 630 940 dehiscit,

46 947 162 1010 Emergit
173 947 223 997 late
234 946 297 996 Ditis
314 946 413 1003 chorus,
428 946 523 997 horrida
535 946 653 1011 Erinnys,

48 1011 79 1057 Et
95 1009 202 1058 Bellona
214 1010 311 1065 minax,
326 1007 466 1073 facibusque
482 1013 715 1083 armataivlegaetac

48 1074 204 1136 Letumque,
218 1069 381 1136 infidiaeque,
397 1085 420 1122 et
433 1072 510 1121 lurida
522 1071 612 1121 Mortis
629 1086 722 1139 imago.

49 1138 116 1194 Quas
131 1135 195 1183 inter
207 1139 295 1192 Furor,
309 1134 415 1200 abruptis
427 1150 469 1183 ceu
480 1133 543 1185 liber
554 1133 655 1186 habenis

49 1197 211 1261 Sanguineum
224 1198 273 1247 late
289 1199 355 1247 tollit
369 1209 451 1261 caput,
466 1211 555 1260 oraque
566 1198 648 1248 mille

49 1258 196 1308 Vulneribus
208 1260 317 1310 coufoss'a
329 1274 427 1309 cruenta
445 1259 531 1309 calide
543 1259 615 1311 velat.

51 1327 143 1372 Haeret
155 1322 256 1373 detritus
268 1326 349 1373 laevae
366 1325 498 1372 Mavortius
509 1321 596 1378 umbo,

50 1383 268 1436 Innumerabilibus
280 1386 335 1436 telis
347 1386 436 1446 gravis:
455 1399 527 1450 atque
542 1384 655 1449 flagranti

51 1449 134 1513 stipite
146 1449 230 1500 dextra
242 1451 323 1499 minax
339 1451 408 1498 terris
420 1448 529 1498 incendia
543 1461 630 1513 portat.

52 1514 128 1562 Sentit
143 1517 299 1571 terraneos,
313 1509 540 1578 mutataquefidcra
555 1514 661 1589 pondua⁴
719 1568 722 1572 Α

52 1575 197 1640 Qtaefivere
209 1571 282 1630 suum.
298 1589 404 1643 namque
418 1577 499 1628 omnia
513 1579 591 1644 Regia
599 1578 664 1629 coeit

19 1661 23 1668 ·
52 1643 80 1691 lu
92 1654 172 1707 partes
186 1640 281 1694 diducta
293 1643 354 1693 tuit:
369 1641 522 1707 primumque
534 1644 614 1694 Dione

53 1704 161 1756 Caesaris
176 1707 226 1756 abia
237 1704 271 1757 sui
285 1707 357 1757 ducit.
372 1721 453 1765 comes
467 1706 559 1755 additur
572 1707 608 1759 ilii

52 1769 145 1828 lallat,
162 1783 186 1818 et
198 1769 318 1832 ingentem
335 1771 445 1834 quatiens
458 1770 591 1818 Mavortius
603 1766 709 1822 ltaliam,

54 1835 194 1907 Magnaque
205 1848 260 1883 eum
275 1831 372 1882 Phoebo
386 1833 467 1886 soror,
482 1844 507 1880 et
523 1833 637 1894 Cyllenia
649 1830 732 1896 prolet

15 1903 16 1910 ’
53 1896 162 1960 Excipit,
177 1909 204 1944 ac
217 1898 274 1945 totis
287 1895 370 1946 similis
383 1892 523 1957 Tirynthius
539 1894 605 1942 astis.

15 2005 16 2012 ,
53 1957 198 2008 lnfremuere
211 1957 295 2017 tubae,
309 1974 336 2008 ac
349 1955 417 2007 stilio
429 1954 552 2022 Discordia
565 1957 628 2004 crine

54 2022 144 2071 Extulit
158 2020 187 2070 ad
198 2018 294 2086 superor
309 2023 416 2087 Stygium
438 2033 513 2082 caput.
539 2017 606 2076 hujus
619 2020 644 2069 in
657 2030 700 2067 ote

55 2086 184 2134 Concretas
196 2082 304 2149 sanguis,
318 2082 462 2147 contusaque
474 2082 566 2131 lumina
577 2080 675 2132 flebant.

55 2145 150 2195 Stabant
159 2149 235 2197 aerati
247 2146 322 2198 scabra
337 2145 445 2210 rubigine
459 2144 542 2193 dentes
551 2151 567 2202 3'

56 2206 122 2259 'fabo
141 2211 221 2274 lingua
236 2210 325 2267 fluent,
341 2205 580 2259 obl‘elia'draconibus
593 2219 651 2260 ora,

56 2277 132 2336 Atque
147 2272 275 2322 intertorto
293 2273 422 2321 laceratam
436 2272 530 2334 peiiore
542 2269 633 2320 veliem

55 2336 210 2400 sanguineam
225 2337 327 2385 tremula
339 2335 459 2399 quatiebat
474 2332 586 2395 lampada
600 2333 691 2382 dextra.

54 2400 116 2448 llaec
127 2411 154 2447 ut
167 2400 255 2462 cocyti
266 2396 390 2453 tenebras,
406 2408 430 2446 et
447 2402 548 2444 Tartara
561 2394 647 2457 liquit,

53 2462 111 2510 Alta
125 2462 185 2526 petit
198 2461 307 2526 gradiens
318 2461 373 2524 juga
393 2459 483 2508 nobilis
496 2458 648 2522 Appennini,

15 2529 16 2536 ’
54 2523 121 2573 Unde
135 2538 221 2573 omnes
232 2536 317 2581 terras,
332 2536 404 2586 atque
416 2522 499 2570 omnia
510 2523 593 2570 littora
606 2516 680 2585 politi

53 2586 184 2653 Aspicere,
199 2601 226 2635 ac
238 2597 292 2638 toto
316 2586 440 2635 fluitantes
455 2583 514 2634 orbe
528 2596 648 2633 catervas:

52 2657 133 2714 Atque
146 2648 190 2697 has
204 2651 302 2712 erumpit
312 2646 442 2699 furibundo
456 2648 551 2711 pestore
569 2660 656 2696 voces:

52 2713 143 2762 Sumite
154 2726 215 2760 nuuc
227 2724 310 2776 genter
322 2710 424 2760 accenfis
437 2708 560 2759 mentibus
573 2723 653 2767 arma;

51 2775 167 2831 Sumite,
190 2785 214 2823 et
227 2778 252 2823 in
270 2773 362 2823 medias
378 2773 502 2822 immittite
514 2772 633 2831 lampadas
647 2771 722 2823 urbes.

52 2837 167 2890 Vincetur
180 2836 315 2904 quicunque
326 2837 399 2888 latet:
420 2851 471 2887 nou
481 2836 574 2885 semina
589 2831 678 2893 ccffct,
775 2893 836 2944 Non

838 3043 884 3113 A
