1809 3150
21 99 23 120 '
79 133 125 182 „r
265 124 701 174 surrurrrrrarura

79 209 150 255 Neve
165 202 259 254 ostenta
274 208 353 253 Deum
368 214 525 259 coeternum
548 202 636 252 ruanis
649 216 674 250 ut
687 202 753 262 idus,

79 274 148 330 Quae
163 271 227 317 male
238 281 294 315 tuuc
306 266 404 315 aderaut
419 299 427 322 ,
447 264 543 328 etquid
556 267 672 328 Spurinna
684 278 789 317 mouertt

80 333 194 395 Quidque
211 331 253 379 alii
265 342 345 386 vates,
361 341 467 389 reputem
483 329 585 384 neriam
599 326 640 375 sua
652 332 728 379 tantis

77 394 244 442 Praemonitus
259 391 331 456 figuis
345 389 432 439 nescire
444 390 547 453 pericula
561 392 644 439 vellet.

79 461 162 519 thue
172 470 271 504 manere
282 454 351 502 domi
371 455 479 517 placeatr
503 455 629 563 lucernpue
643 451 781 518 sequentem

80 524 150 568 Hanc
162 533 248 573 unam,
264 516 280 565 fi
295 532 346 565 uon
358 517 467 580 propriae
481 514 575 564 donare
593 516 663 572 uiuri,

83 581 201 643 Coniugis
213 595 237 630 ar
248 578 332 628 saltem
343 580 417 627 vellet
427 578 517 627 donare
528 580 621 627 timori.

79 645 195 706 Hispanas
209 644 311 697 iterum,
326 640 385 690 dum
402 656 468 690 tanta
480 640 583 702 pericula
593 640 683 691 restant
692 676 710 700 r

79 705 191 756 Dimiffas
206 721 277 769 nuper
291 706 383 753 monuit
403 718 514 756 revocare
525 705 654 762 cohortes,

80 775 112 818 Et
125 767 248 831 stipatores
259 767 330 817 fidos.
350 782 402 815 uon
414 766 462 816 effe
476 767 570 828 pavoris

80 830 124 881 Sed
152 831 231 879 ieratis
244 845 304 894 opua
316 830 435 879 Diuorum
446 829 541 878 oflenra
554 830 649 881 timere.

78 896 126 944 Cui
167 891 230 942 aesar
242 908 338 942 contra:
353 893 406 956 plus
417 907 458 942 me
473 893 619 955 calphurnia
628 895 710 946 ruuur

79 963 110 1007 Et
122 959 241 1020 lacrymae
255 970 354 1004 movere
378 967 432 1003 tuae
444 971 518 1019 quam
530 954 604 1004 tristia
621 971 705 1007 vatum
722 1001 727 1010 ,

80 1018 220 1083 Responsa,
238 1018 352 1067 infaustae
364 1020 487 1075 volucres,
505 1032 544 1065 aur
558 1020 606 1066 ulla
619 1020 714 1070 dierum

79 1088 147 1132 Vana
166 1080 297 1146 superstitio
314 1092 434 1144 poteraut.
456 1082 549 1129 ostenta
560 1082 646 1131 timere

79 1147 103 1194 si
122 1155 182 1193 rfunc
201 1146 340 1209 inciperem,
355 1157 416 1207 quae
428 1158 478 1191 nou
494 1143 555 1192 milri
565 1155 673 1207 tempora
685 1146 794 1211 posthae

79 1210 162 1257 Anxia
173 1207 314 1256 tranfireuti
327 1220 388 1270 quae
399 1207 440 1255 lux
452 1206 553 1265 jucunda
564 1214 686 1262 maneret?

80 1277 129 1320 Aut
141 1285 203 1333 quae
220 1269 333 1320 liberrar?
347 1268 429 1318 frustra
442 1268 528 1320 servire
544 1268 626 1318 timori

82 1334 167 1397 (Dum
181 1348 228 1382 nec
246 1336 299 1382 luce
310 1332 373 1388 frui,
389 1348 431 1380 nec
447 1346 554 1380 mortem
568 1346 648 1380 arcere
660 1332 761 1399 licebit)

81 1402 172 1461 Cogar.
189 1409 213 1443 et
225 1395 279 1444 huic
291 1394 466 1459 capiri‚·quud
477 1400 557 1443 Roma
572 1409 679 1452 veretur,
695 1400 809 1465 aruspex

82 1459 126 1523 Jus
141 1457 221 1515 dabit,
242 1471 265 1507 et
277 1472 352 1507 vanus
365 1456 455 1520 semper
467 1455 629 1506 dominabitur
642 1464 732 1523 Augur.

83 1524 108 1571 Si
122 1535 227 1570 mortem
243 1519 303 1569 mihi
316 1526 399 1570 Roma
410 1533 488 1584 parer,
502 1518 622 1569 dubiaene
635 1519 707 1571 saluti

81 1586 191 1637 Proderit
204 1600 250 1633 una
268 1585 336 1633 dies?
353 1598 392 1633 aut
406 1598 447 1633 cur
465 1582 560 1633 differre
570 1583 680 1633 laborem

81 1653 161 1710 Quam
176 1663 270 1712 nequeo
283 1650 358 1697 vitare
368 1650 469 1696 necem?
482 1646 605 1710 semperne
615 1651 703 1696 timere

79 1716 201 1778 Exoptem
213 1712 375 1775 potiusquam
391 1725 452 1759 ceria
467 1708 607 1760 occumbere
618 1716 716 1760 morte?

85 1779 135 1824 Cur
153 1789 234 1824 tamen
246 1773 341 1824 infidias
356 1775 473 1823 timeam?
493 1789 532 1823 cur
545 1777 625 1822 Roma
639 1772 751 1826 salureru

83 1840 143 1887 Non
163 1839 242 1902 potius
256 1838 359 1887 rostram
377 1841 491 1900 exoptet?
507 1848 621 1899 partaque
633 1837 716 1901 quiete

84 1897 192 1950 Caesaris
208 1903 308 1963 imperio
319 1899 370 1963 post
383 1912 421 1947 ror
433 1900 514 1948 civilia
525 1896 607 1955 bella,

83 1962 139 2011 1¹0st
152 1962 244 2011 rabiem
261 1976 354 2010 tantam
369 1962 463 2013 iaffatus
481 1961 583 2026 gaudeat
601 1959 688 2012 Orbis?

81 2029 131 2074 Pax
144 2025 227 2073 mundi
243 2039 296 2072 mea
313 2023 366 2073 sola
380 2023 440 2073 sarus
456 2059 467 2080 ,
487 2039 545 2073 nece
557 2023 666 2074 Caesaris
679 2026 754 2080 enses

80 2090 227 2149 stringentur
237 2085 324 2141 rursus,
343 2086 418 2137 rursus
431 2086 571 2136 lacerabitur
584 2087 672 2146 Orbis,
684 2112 693 2131 ο
769 2094 777 2103 “

79 2149 224 2212 Maestaque
233 2153 347 2197 Romano
361 2151 466 2213 tingetur
480 2150 591 2215 sanguine
606 2152 687 2203 tellus.

80 2211 124 2259 Sed
138 2211 153 2259 sr
172 2227 223 2261 non
236 2211 333 2259 homiui
348 2211 403 2260 satir
416 2209 473 2260 ess'et
490 2228 544 2262 cura
556 2212 619 2272 diei,

80 2276 115 2324 Ni
131 2264 252 2325 Noaurua
267 2275 325 2323 alias
345 2274 450 2323 facerent
464 2275 586 2325 insomnia
595 2290 675 2335 curas,

18 2360 20 2367 v
80 2339 129 2388 Dic
139 2339 214 2397 mihi,
226 2354 285 2387 uam
297 2337 428 2402 Morpheus
443 2336 515 2385 nobis
526 2341 647 2389 contraria
659 2338 728 2392 misse.

80 2403 195 2459 Somnia,
212 2403 265 2467 quir
277 2401 357 2465 potius
367 2401 461 2449 credes?
476 2402 520 2450 bac
532 2403 603 2452 noire
620 2402 709 2452 volass‘e

81 2465 122 2514 ad
134 2467 246 2520 coelum,
263 2463 502 2576 dextramquessJoris
519 2464 635 2531 retigiffe‚
651 2464 736 2516 serena

80 2532 112 2576 Et
122 2527 246 2600 rrrajestare
257 2527 351 2578 indutus
367 2526 416 2579 sedi
435 2542 449 2575 e
461 2526 572 2599 videbar,

79 2591 145 2662 Qud
156 2590 200 2639 nifi
212 2589 300 2662 fausta,
317 2601 341 2637 er
354 2604 445 2654 magna
453 2588 515 2637 mihi
525 2589 586 2663 haec
604 2586 641 2645 (fi
654 2589 749 2643 credere
763 2590 857 2644 vellem

79 2648 702 2778 1313133siuffinffigggtffiasfflamrgggff2

77 2775 184 2825 Profiiuir
196 2778 272 2825 sitatis
285 2772 385 2833 Caesar,
402 2775 554 2840 moestaeque
565 2777 662 2848 reliquit

78 2839 198 2904 conjugis
210 2838 350 2905 ampiexusr
365 2853 516 2905 magnaeque
528 2852 623 2905 caparra
637 2837 740 2904 urbae,

824 2911 856 2957 Be

18 3012 102 3084 Ι,
