1809 3150
233 103 434 154 ruclur
470 108 621 158 error.
766 114 816 168 aa,

12 176 149 228 Bellorum
168 178 284 236 comites,
300 181 342 244 qui
357 181 424 229 mille
436 183 553 248 pericula,
566 185 635 234 mille

12 240 120 291 vicistis
134 238 258 305 plusquam
271 245 386 292 Herculea
400 244 487 293 virtute
501 245 611 304 labores,

13 309 55 353 Etr
71 304 147 353 vobis
159 306 232 353 toties
243 318 351 355 truncata
364 321 388 355 re
406 308 491 358 ullulat
504 308 593 371 Hydra.

13 368 131 439 Ultimus
145 368 186 439 hic
201 366 273 439 labor
285 368 336 425 est3
358 319 454 423 indum
470 383 543 434 atque
554 372 640 420 ultima
653 372 722 425 cella

12 437 124 487 Exerrt5
138 430 181 478 htc
192 444 266 480 vrrrua
279 432 379 492 eadem,
396 445 458 496 quae
470 436 545 497 prima
559 434 657 492 recidit,

14 498 48 543 Et
61 492 164 542 robusta
177 494 272 559 magia,
295 493 382 544 resecet
396 495 527 557 postrema,
544 512 589 546 nec
601 498 665 549 ultre

14 557 139 610 Crescere
153 556 230 605 civilis
245 559 370 620 permittar
379 556 468 607 semine
481 559 554 617 belli,

12 624 87 684 'Quae
101 618 158 684 post
175 630 212 667 tor
223 620 305 669 clades
316 620 423 671 imbellis
434 621 511 671 Iberia
522 624 605 675 nutrit.

15 686 119 734 Sauciet
132 683 194 731 haec
206 681 277 731 nobis
292 698 375 746 pacem
391 684 507 742 vistoria,
523 698 589 736 lorus

14 754 170 799 exarmatus
180 745 225 794 erit
238 745 291 810 post
303 745 361 796 haec
374 750 507 797 certamina
517 748 627 801 mundus·

15 812 65 873 sed
79 810 127 875 qui
142 807 196 858 sunt
211 812 253 873 qui
265 808 331 858 bella
344 814 440 874 paranti
455 813 497 874 qui
509 805 618 864 caelatis
633 809 714 874 enses,

16 878 51 925 Er
63 870 177 923 totidem
188 870 260 921 bellic
271 873 378 922 vidricia
388 871 453 939 figna
465 873 595 924 lacelluutl

17 937 145 989 Destituet
157 935 226 1001 plebs
245 935 288 984 illa
303 941 398 986 Ducem
412 953 462 985 non
474 935 559 1002 sponte
577 937 676 998 secuta,

17 1002 65 1051 sed
79 998 145 1049 casu.
163 1011 220 1047 num
232 1001 340 1060 Pompeii
352 999 470 1065 pugnabit
477 1014 561 1050 amore

19 1068 102 1128 Quem
118 1077 171 1110 non
186 1064 256 1111 novit
271 1062 365 1112 adiuel
379 1078 438 1114 uum
449 1077 538 1113 vanam
549 1063 656 1114 nominis
667 1064 779 1119 umbram

21 1127 156 1191 Plusquam
169 1123 298 1176 caesareas
311 1127 392 1181 vires,
411 1140 471 1190 quaa
482 1141 514 1175 nu
532 1140 557 1175 er
568 1127 645 1177 lierda

21 1188 244 1245 vincentesque,
261 1188 360 1253 populus
374 1188 492 1238 formidat
503 1141 598 1239 iberus?

22 1259 55 1304 At
68 1250 162 1301 veroli
178 1265 225 1315 qua
240 1251 274 1302 est
291 1253 369 1364 Lepio
381 1255 496 1301 Romana
509 1250 550 1302 sub
564 1253 639 1303 armis

22 1315 152 1380 Pompeji3
170 1312 266 1365 rudibus
277 1329 322 1364 cou
344 1327 368 1362 at
378 1315 517 1378 monibus,
533 1329 573 1364 aut
584 1316 622 1365 hia

22 1382 71 1443 Qui
84 1378 159 1427 vobis
172 1379 227 1427 vicli
240 1376 358 1442 fugientia
371 1390 438 1441 terga
457 1378 591 1435 dederunt,

23 1448 53 1492 Et
66 1454 182 1491 veterem
193 1439 313 1490 adducunt
328 1439 408 1490 secum
419 1439 449 1490 ad
460 1456 525 1490 nova
537 1442 610 1491 castra
620 1442 746 1497 timorem.

22 1511 92 1569 Quae
105 1504 183 1553 toties
194 1503 271 1553 vidtur
281 1502 354 1554 faciet
371 1504 420 1562 iam
434 1505 525 1568 praelia
540 1508 628 1555 vatus?

24 1566 172 1634 Hispanistc
183 1579 251 1631 geret
262 1566 381 1617 Labienus
393 1567 516 1633 transfuga
526 1567 652 1633 plusquam

26 1641 72 1682 Aut
87 1632 156 1695 ptius
168 1631 308 1686 AEmathiia,
322 1628 422 1694 Libycis
439 1643 479 1680 aut
491 1629 586 1696 gederit
605 1633 683 1686 arvial

24 1698 58 1744 lte
71 1694 127 1744 mei
141 1693 261 1749 comites,
275 1691 392 1757 belloque
410 1694 531 1759 imponite
542 1693 623 1745 finem.

25 1761 149 1812 Dixerat3
167 1769 192 1804 at
204 1757 275 1805 nullo
287 1757 409 1820 excipiunt
422 1760 531 1806 clamore
542 1758 656 1807 cohortes

26 1820 108 1870 Verba
125 1820 200 1869 Ducis
207 1836 216 1876 ;
231 1833 276 1868 nec
288 1819 413 1869 stridentes
425 1820 554 1870 accendere
564 1819 659 1885 possunt

24 1885 146 1945 nejeecos
158 1883 253 1935 animoa
265 1883 319 1933 litui
329 1918 337 1947 ²,
346 1895 492 1948 conceptave
503 1898 577 1932 cornu

26 1946 134 1997 Claffica
141 1963 150 2003 ;
171 1960 216 1994 nec
227 1959 366 2009 quanquam
377 1946 407 1996 ad
420 1959 525 2010 pugnam
537 1945 568 1995 de
581 1947 646 1995 colle
660 1948 799 2014 propinquo
812 1954 815 1958 ’

26 2015 168 2060 Decurruut
181 2010 335 2073 Pompeiani,
350 2008 479 2074 procedere
491 2022 577 2071 campo

26 2073 159 2137 Longius,
175 2085 214 2120 aut
227 2070 311 2136 rapido
328 2072 376 2136 (ut
389 2085 456 2122 mors
468 2070 518 2136 est)
538 2085 663 2121 occurrere
670 2072 736 2125 cursu
778 2090 781 2095 ⁴

28 2142 117 2199 (Dum
134 2137 240 2200 primum
256 2135 513 2208 trepiduslreteranue
524 2133 633 2185 Caesarie
647 2136 727 2187 audet.

26 2199 103 2264 Quod
116 2197 186 2248 simul
200 2211 242 2247 aut
252 2197 327 2255 vidit,
342 2212 431 2262 magna
443 2198 608 2249 inflammatus
621 2197 651 2248 ab
664 2201 713 2257 ira,

27 2261 177 2314 Deseritisue
191 2266 303 2313 Ducem.
320 2265 346 2312 dc
360 2260 432 2311 faciet
444 2277 503 2311 nece
513 2262 621 2312 Caesaris
636 2261 752 2329 (inquit)

29 2333 80 2377 Vos
98 2325 177 2375 timor
188 2325 303 2374 emeritos
316 2322 405 2374 laodic?
416 2324 486 2374 fimul
497 2326 578 2389 arripit
591 2324 685 2377 hastam

27 2390 140 2447 Dostor,
157 2390 183 2439 dc
197 2386 305 2438 adversor
316 2389 381 2437 solur
394 2386 500 2437 defertur
510 2390 535 2437 in
550 2386 639 2439 hoster.

28 2453 182 2518 Obstupuere
195 2451 246 2507 illi,
260 2448 346 2515 quibus
357 2451 416 2500 haec
427 2450 551 2508 miracula,
565 2453 635 2500 milcc

29 2516 154 2566 Caesareus
164 2513 278 2570 timidus,
294 2515 432 2563 temerarius
446 2514 510 2578 iple,
523 2514 642 2564 videntur.

28 2581 76 2629 Vix
93 2581 174 2629 oculis
185 2580 266 2641 primo
276 2577 391 2635 credunr;
406 2593 466 2628 mox
478 2581 503 2627 in
515 2591 585 2643 caput
600 2576 677 2627 audax
721 2608 728 2615 ·

29 2641 149 2707 Undique
162 2642 212 2708 pila
226 2641 325 2700 volaut3
341 2641 422 2690 donec
432 2643 545 2691 vincente
557 2641 650 2705 pudore

29 2711 93 2756 Non
104 2707 193 2755 virtute
205 2716 315 2762 metum,
332 2706 423 2754 conciis
437 2706 555 2754 exercitus
573 2704 646 2752 atmic

29 2768 70 2820 ad
85 2768 294 2820 Ducisauxilium
304 2769 436 2832 procurrit,
454 2769 566 2831 &impia
578 2780 644 2816 tauta

28 2838 101 2885 Tunc
113 2831 195 2892 rabie,
208 2844 301 2897 quruto
312 2829 476 2885 detrectavere
490 2833 592 2890 tunore,

405 2900 460 2959 Qa
754 2858 822 2943 aella

825 3032 895 3124 A
