1809 3150
87 140 143 187 „0-
276 122 705 177 rn'rrnunnuruns

85 200 200 253 Detrabis
212 200 331 264 antiquie,
347 199 388 251 sed
404 201 483 251 adbuc
495 203 599 252 retinere
610 202 703 253 inusta

86 267 199 314 Nomina
211 266 333 330 permittis
344 277 425 314 totum
438 266 537 330 vulgara
547 280 590 331 per
601 264 696 317 orbern.

120 333 181 378 Nou
194 342 275 378 tamen
288 330 345 377 buce
356 326 433 377 satum
446 341 572 386 avertunt,
592 342 638 377 nec
649 344 725 398 regna
735 331 791 382 tueri

86 389 206 457 Usutpata
215 391 256 441 diu
268 390 369 458 poliunt,
386 407 437 440 non
450 391 572 441 mentibus
582 391 635 441 ulla

87 457 221 505 conciliare
231 456 313 521 jugum
326 453 445 519 generoiis
459 469 554 504 munera
569 451 677 518 poliunt:

87 521 144 567 Nec
157 516 294 567 libertatem
304 519 433 567 clementia
443 515 525 581 pensat
540 520 690 581 ademptam.

86 581 196 630 Inuidiae
214 579 325 630 stimulor
337 595 396 644 ergo
407 593 433 629 ιιι
447 582 524 631 lenire
536 582 652 637 furentis,

87 648 121 693 Et
132 644 210 708 eapite
228 642 338 701 infidias,
352 651 412 707 qua‘s
431 657 548 694 maturare
560 647 672 711 quietem
725 690 732 703 ,

87 710 149 756 Non
160 705 250 762 nescir,
263 704 355 755 Caesar
367 706 438 757 fadis
447 719 556 757 avertere
571 707 658 773 podir,

88 772 143 817 Nec
155 783 206 817 non
216 782 317 818 externo
328 772 436 819 maculas
447 769 581 836 abstergere
598 770 667 821 bello

88 832 197 887 civilem
213 833 329 889 cum'iam
341 831 415 880 cmlii
429 833 534 883 virldiiia
546 831 639 898 perisset

87 894 176 944 Debita
189 894 328 955 jamdudum
341 896 427 951 Lario,
446 894 503 956 juffu
514 898 555 945 ille
567 902 667 946 senatur

89 956 149 1021 (Ne
160 963 255 1006 Patmm
268 958 380 1006 imminui
395 958 502 1007 videatur
520 957 582 1008 sacra
609 957 718 1025 orestas)

87 1024 243 1085 Decretoque
254 1034 330 1082 roge,
346 1019 455 1069 mandari
471 1023 579 1071 Parthica
620 1025 656 1073 lia

89 1084 229 1147 Suppliciter
240 1086 309 1146 petiit
323 1118 331 1141 ,
345 1082 405 1131 felix
420 1098 446 1132 ur
458 1099 527 1133 more
537 1098 631 1135 retento

89 1148 205 1194 Romulei
218 1148 320 1211 antiquo
334 1147 428 1209 populi,
443 1148 464 1196 le
483 1146 576 1197 'ortibus
589 1150 635 1198 iter

89 1205 194 1260 Tell'err.
206 1207 287 1274 licque
299 1210 370 1258 alacri
379 1224 465 1274 compe
476 1212 510 1259 lat
523 1226 584 1259 voce
596 1216 712 1261 senatum
724 1228 736 1261 :-

89 1271 115 1320 ri
130 1271 206 1326 mihi,
220 1271 347 1338 conscripti
358 1277 451 1328 Partes,
467 1273 572 1338 quaesita
591 1274 694 1338 potessas

89 1331 170 1391 Ellet,
183 1348 209 1383 ut
220 1337 322 1385 immani
333 1333 449 1399 saeuaque
459 1337 586 1401 tyrannide
596 1336 662 1388 solus

88 1401 247 1459 Regnarern3
284 1413 311 1448 ur
331 1397 491 1464 quodcunque
509 1400 575 1463 jubet
598 1400 667 1451 firror
693 1399 804 1465 impius,
826 1410 862 1448 an

229 1476 299 1511 ment

89 1528 161 1589 Egra
174 1538 255 1583 metu,
271 1537 311 1575 aur
323 1521 404 1576 suadet
414 1526 483 1575 luxus
495 1558 503 1582 ,
514 1523 551 1574 vel
565 1537 636 1588 prava
647 1523 746 1590 libido,¹

87 1592 241 1650 Exequerer:
255 1600 324 1638 tanto
337 1604 386 1638 non
400 1603 512 1652 tempore
524 1588 675 1639 diffimnlata

89 1651 212 1708 Conlilia,
223 1662 247 1699 et
257 1651 333 1701 furiae
343 1649 464 1702 latuissent
482 1652 585 1716 pedoris
598 1652 666 1711 hujus
675 1671 691 1712 ;⁴

24 1740 25 1743 ¹
89 1713 236 1778 Iamdudum
249 1714 458 1780 gladiorsenfiss'er
470 1720 551 1763 Roma
566 1715 694 1766 nefandos.

88 1777 135 1827 sed
149 1793 198 1826 non
212 1792 257 1826 nos
271 1779 334 1828 viriis
345 1778 489 1828 famulantia
501 1776 612 1842 gellimus
622 1793 698 1845 arma.

88 1844 144 1891 Nee
155 1841 246 1890 factura
260 1840 327 1897 urbi,
343 1840 381 1891 sed
394 1842 528 1890 derrailura
542 1854 665 1905 tyrannos.

87 1902 218 1954 Libertatis
231 1905 275 1953 erit
292 1904 369 1954 cussos
383 1905 485 1955 victoria
497 1903 591 1962 nostra,

88 1971 121 2015 Et
134 1967 223 2032 legum.
240 1981 287 2015 nec
301 1967 319 2015 sr
333 1983 384 2017 uon
399 1968 458 2016 bnec
472 1965 591 2031 perspeua
602 1964 701 2019 fuissent

87 2027 249 2085 Numinibus,
264 2029 358 2079 nostrae
371 2028 590 2080 faviffenrnumina
602 2029 693 2081 causae.

88 2096 139 2140 Cur
150 2091 229 2157 grauis
241 2103 279 2139 aur
292 2093 431 2148 metuenda,
447 2099 542 2150 Patres,
561 2094 590 2142 fit
602 2094 683 2144 nostra
695 2092 810 2158 potestas,

87 2159 156 2216 Qrae
171 2154 246 2201 vitam
261 2165 299 2200 ror
311 2154 409 2204 devitiis
427 2156 494 2203 dedit
505 2155 625 2213 hostibus,
642 2170 666 2206 er
681 2168 721 2206 tor

87 2214 205 2265 Eruiibue
217 2213 334 2265 reditum?
363 2221 417 2285 quis
430 2217 489 2278 {uisu
501 2218 609 2269 Caesaris
620 2233 729 2284 unquam

86 2283 159 2330 Dum.
165 2277 245 2328 siluere
254 2278 339 2337 tubae,
355 2281 473 2348 iugulatus
485 2284 588 2348 concipit
600 2282 692 2333 bollire

86 2342 198 2405 Scipiadae
211 2342 303 2391 cbrrtas
319 2342 371 2406 post
384 2344 471 2410 Thapsi
483 2346 545 2394 bella
557 2348 663 2396 cremavi

86 2410 147 2457 Non
159 2406 248 2461 tentas,
263 2422 294 2455 ue
306 2421 369 2471 quos
385 2410 467 2458 Vilior
479 2408 626 2474 deprendere
637 2407 749 2474 pofl'em,

85 2475 118 2521 Et
137 2469 218 2534 punire
233 2469 320 2521 boiies.
336 2472 416 2536 potius
433 2480 507 2533 quam
518 2473 593 2522 caede
602 2473 664 2522 tueri

85 2531 215 2583 Nobilium
224 2530 289 2582 banc
300 2536 392 2592 viram,
406 2535 496 2585 nescire
508 2538 608 2598 pericula
624 2535 710 2586 nostra-

85 2596 166 2658 Elegi.
185 2609 292 2644 necnon
310 2598 397 2646 invitus
414 2598 545 2662 (Numina
556 2597 648 2661 testor)

85 2658 190 2705 Civilem
202 2655 287 2720 sumpti
302 2660 423 2723 gladium,
442 2659 500 2710 dum
511 2662 617 2725 praemiat
628 2660 688 2721 iusta

83 2719 204 2768 Bellorum
218 2718 283 2769 bello
296 2723 453 2786 conquirere,
468 2738 560 2787 proque
573 2722 716 2788 triumphu,

83 2783 153 2840 Qus
169 2794 207 2829 tor
225 2794 288 2831 trans
300 2785 375 2857 Alpes
387 2799 479 2841 annon,
500 2791 653 2849 Pontumque
665 2788 821 2842 Britannum,

81 2842 240 2897 Erubedum
252 2859 330 2898 merui
344 2847 479 2910 vincendo,
500 2849 685 2916 vinceretogor
760 2907 859 2966 mus·

851 2942 861 2971 2

25 3046 92 3098 h
