1809 3150
146 96 687 150 sauclmutlaau.01v1·1.·;
772 109 824 161 3⁴05,

29 175 115 226 Armis
132 179 200 227 laeta
215 176 290 233 meis,
304 173 412 239 olimque
424 188 522 225 onerata
539 174 680 240 triumphls:

29 238 121 289 Testor
135 239 169 289 ad
185 241 228 288 lras
244 240 309 287 acies
322 238 423 287 invitum
438 237 549 288 arceffere
559 245 681 295 Martem3

13 324 14 327 ¹
31 305 130 352 lnvitas
147 317 189 366 me
200 301 261 351 ferre
272 314 374 349 manus:
398 300 436 348 sed
449 302 545 350 vulnere
564 316 655 366 cogot,¹

29 363 113 414 tullus
128 364 161 414 ab'
175 364 233 413 urbe
245 377 314 420 mea,
332 362 387 412 dum
399 363 512 412 Rhenum
523 363 635 429 sanguine
648 362 718 412 vinco
726 375 738 423 5

32 431 98 476 Dum
114 427 209 477 Gallos
220 427 306 475 iterum
319 426 440 490 Capitolia
453 426 532 476 nostra
543 439 656 492 petentes

34 488 143 554 Alpibus
157 488 268 540 excludo.
285 487 413 543 vincendo,
429 491 518 538 certior
529 491 600 538 exul:

35 553 163 618 sanguine
177 556 314 608 Germano,
332 548 498 616 sexagintaque
511 553 653 616 triumphis,

33 611 86 663 Effe
100 629 199 664 nocens
217 615 293 677 coepi.
310 614 447 678 quanquam
465 628 526 678 quos
542 615 618 679 gloria
629 625 718 671 terret,
748 654 755 668 .

33 684 79 726 Aut
94 678 145 741 qui
159 674 228 734 sunt,
249 675 289 740 qui
303 675 366 724 bella
380 679 480 725 volunt?
495 676 642 726 mercedibus
653 688 763 740 emptae,

33 744 69 788 Ac
87 740 154 789 viles
167 753 269 802 operae3
285 748 388 802 quorum
400 737 433 786 est
445 754 501 788 mea
514 745 594 788 Roma
607 754 723 788 noverca:

34 806 66 850 Ut
80 814 156 859 reor,
174 801 237 850 haud
249 802 365 863 impune3
381 816 426 849 nec
437 800 498 851 hanc
518 801 566 851 fine
580 802 671 853 vindice
683 802 792 852 dextram

34 866 134 914 vinciet
147 864 258 928 ignauus.
280 863 382 913 viliores
396 864 429 912 ite
439 865 557 920 ferentes,

36 931 71 976 lte
87 929 143 977 mei
155 928 274 981 comites,
292 939 315 973 er
329 922 430 974 caussam
447 929 518 976 dicire
529 928 603 977 ferto,

37 994 158 1054 Namque
170 1004 257 1038 omues
271 1003 344 1036 turum
357 992 445 1039 crimen
459 1003 544 1039 vocat:
565 990 675 1040 omnibus
687 1001 736 1039 utra
798 996 801 1002 '

37 1052 166 1116 lmpeudet
179 1051 266 1100 clades.
291 1051 412 1100 reddenda
427 1051 460 1100 est
473 1054 544 1115 gratia
558 1051 642 1102 vobis:

38 1119 97 1165 Non
110 1112 177 1164 solus
190 1116 243 1165 vici..
259 1127 345 1225 quare,
360 1116 416 1178 quia
431 1129 510 1189 poena
521 1117 645 1178 trophaeis

38 1180 170 1234 Imminet,
185 1189 209 1224 et
223 1173 260 1224 sor
279 1192 303 1224 es
316 1178 401 1225 meruit
416 1179 620 1235 victorianensi,

38 1239 126 1304 Judice
141 1238 241 1288 fortuna
253 1239 322 1288 cadat
334 1240 393 1288 alea.
411 1237 497 1288 sumite
510 1240 601 1288 bellum
615 1274 624 1296 ‚
677 1244 679 1249 ’

38 1308 68 1353 Et
80 1314 177 1351 tentate
190 1309 280 1350 manus.
307 1314 370 1350 certe
383 1317 436 1350 mea
449 1302 516 1351 caula
528 1303 620 1365 perusta
633 1299 675 1353 est.
697 1354 700 1359 ,

40 1371 106 1416 luter
119 1378 158 1413 tot
173 1360 248 1412 fortes
260 1376 364 1412 armatus
375 1364 451 1414 nescio
466 1367 536 1414 vinci.

39 1433 106 1477 llaec
124 1427 164 1476 ubi
177 1427 311 1489 pertonuit,
327 1427 357 1476 de
372 1431 444 1476 coelo
457 1426 588 1492 Delphicus
598 1427 647 1476 ales

41 1492 132 1539 Omina
145 1490 207 1539 laeta
221 1488 300 1547 dedit,
313 1491 450 1554 pepulitque
464 1490 582 1541 meatibus
601 1502 678 1540 auras·

13 1599 15 1618 s
39 1556 92 1602 Nec
109 1569 161 1602 non
174 1550 288 1601 horrendi
300 1554 405 1603 nemoris
419 1554 448 1603 de
461 1568 529 1619 parte
540 1550 631 1604 sinistra

39 1615 156 1665 Insolirae
173 1630 242 1665 voces
255 1615 354 1664 flamma
373 1615 470 1666 sonuere
482 1612 604 1682 sequenti,

40 1680 91 1742 lpse
107 1681 174 1728 nitor
192 1678 281 1728 Phoebi
303 1680 399 1743 vulgato
413 1682 500 1729 laetior
511 1680 569 1729 orbe

41 1743 140 1799 Crevit,
156 1752 180 1788 et
199 1755 281 1790 aurato
295 1744 423 1805 praecinxit
442 1742 536 1807 fulgure
548 1742 635 1790 vultus.

41 1806 138 1853 Fortior
149 1804 268 1863 ominibus
281 1805 357 1852 movit
371 1807 493 1854 Mavortia
504 1804 570 1868 ligna

40 1867 143 1924 Caela13
161 1878 185 1914 et
201 1867 300 1915 insolito
312 1864 388 1931 greffu
401 1868 467 1931 prior
487 1876 585 1930 occupat
598 1861 701 1915 haustus.

13 1905 15 1976 d
41 1932 120 1979 Prima
131 1928 231 1993 quidem
247 1929 350 1992 glacies,
365 1943 389 1979 et
403 1945 461 1979 cana
473 1930 552 1989 junsta
564 1929 648 1992 pruina
768 1986 771 1991 Ι

13 1991 15 2046 l
43 1996 104 2041 Non
116 1992 230 2057 pugnavit
242 1991 343 2049 humus,
358 1993 460 2056 mitique
476 1992 575 2040 horrore
586 1988 691 2053 quievit:
754 2028 760 2036 .

13 2053 16 2126 l
42 2055 85 2104 Sed
98 2053 224 2119 postquam
235 2068 326 2103 turmae
339 2055 436 2103 nimbos
447 2054 539 2119 fregere
548 2055 654 2119 ligatos,

13 2141 15 2176 J
41 2124 72 2167 Et
88 2118 189 2181 pavidus
201 2116 333 2181 quadrupes
351 2117 467 2167 undarum
481 2120 576 2167 uincula
590 2114 669 2178 rupit,

41 2182 162 2230 incaluere
174 2180 253 2234 uires,
277 2194 336 2228 mox
348 2179 447 2228 flumina
459 2179 579 2229 montibus
591 2180 648 2225 altis

43 2242 170 2292 Undabanr
181 2241 257 2290 modo
270 2255 339 2290 nata:
354 2240 396 2290 sed
408 2242 467 2290 haec
478 2248 575 2307 quoque
586 2236 644 2301 julla
656 2247 762 2304 putares.
831 2240 835 2245 “

43 2304 138 2355 Stabant
154 2314 178 2353 et
190 2306 270 2353 vineta
284 2304 368 2367 flustus
380 2304 485 2367 flupuere
498 2307 594 2368 pruina:

43 2372 71 2416 Et
81 2368 154 2433 paulo
168 2377 222 2415 aute
237 2368 287 2415 lues
301 2367 351 2428 jam
365 2365 511 2415 concidenda
523 2364 634 2427 jacebat.

13 2475 15 2492 ,
44 2434 104 2481 Tum
115 2445 175 2478 vero
188 2427 302 2478 malefida
312 2430 377 2493 prius
389 2428 486 2493 vestigia
498 2427 565 2485 lusit,

13 2515 14 2518 ¹
45 2495 191 2557 Decepitque
202 2491 281 2556 pedes.
299 2490 383 2554 paffim
396 2504 534 2556 turmaeque
544 2490 651 2554 virique,
765 2509 773 2535 r

43 2561 163 2620 Armaque
176 2553 288 2618 congesta
303 2553 362 2603 llrue
374 2553 497 2618 deplorata
515 2551 637 2614 iacebant,

43 2622 100 2668 Ecce
112 2619 187 2667 etiam
206 2617 283 2681 rigido
304 2615 428 2666 concuffae
451 2617 550 2666 flamine
565 2615 639 2666 nubes

42 2678 252 2737 Exonerabantur,
269 2693 314 2728 nec
324 2680 387 2745 rupti
399 2677 494 2729 turbiue
506 2679 573 2728 venti
726 2740 731 2746 q

40 2748 161 2799 Deerant,
177 2754 218 2791 aut
229 2741 319 2790 tumida
331 2742 483 2792 constratum
499 2739 617 2807 grandine
629 2740 742 2792 caelumt

40 2807 107 2873 Ipsae
118 2807 169 2899 iant
183 2803 256 2857 nubea
268 2818 350 2870 ruptae
362 2804 430 2872 super
441 2818 509 2857 arma
520 2803 636 2856 cadebant
643 2835 652 2864 ‚
788 2861 823 2912 B

837 3026 894 3113 A
