1809 3150
207 131 623 185 nucnutttmn.
770 135 817 185 ,6,-
878 163 880 166 .

15 213 187 269 Decernuut,
204 225 307 274 quantos
321 223 424 276 nequeat
437 210 541 274 ptivatua
551 207 648 262 habete.

20 280 178 338 Perpetuum
191 275 346 331 distatotetn,
362 275 499 338 patriaeque
511 285 636 334 patentem

21 338 169 400 Appellant
184 344 279 395 Patres;
294 338 371 387 denos
382 349 407 385 ut
420 332 512 385 Consul
527 335 553 381 in
568 349 647 384 annos

21 399 204 466 Defignatetut
219 401 337 457 statuun13
353 400 449 462 altaque
465 397 548 447 curuli

21 460 87 525 Ipse
101 477 126 512 ut
142 463 263 527 supremus
277 468 387 511 Romana
405 457 498 510 Censoe
514 461 540 507 in
554 457 612 507 utbe

23 524 106 574 Veste
118 526 260 590 triumphali
273 525 383 581 indutus,
405 524 520 583 lauroque
532 519 623 569 sedetet

22 593 152 651 Perpetua
167 605 272 639 ornatus.
288 587 331 638 nec
343 603 393 636 nun
405 586 434 634 de
446 585 555 647 Principe
570 588 668 635 Numen

23 654 67 698 Ut
81 651 151 700 fietet
170 653 266 710 Vistot,
288 651 380 700 donant
397 649 494 702 altaria,
511 651 591 702 sacta,

25 714 141 778 Altaque
152 718 258 778 templa,
272 713 357 778 quibus
370 713 526 776 pulebettima
537 711 617 767 junna
628 713 735 760 Deamm

25 776 102 828 Illius
117 775 207 826 astabat
219 778 306 826 statuae
322 776 461 825 Clementia
472 773 562 822 sactae„
712 770 715 773 ’

28 839 158 889 Caesateo
169 839 259 889 faciunt
272 838 491 893 Vestalesnontine
505 848 571 883 vota.

28 906 66 950 Et
78 917 130 966 quo
142 917 250 967 quaeque
261 901 301 951 die
313 902 416 951 uiuotia
428 898 529 961 contigit
542 896 582 946 iili

31 965 143 1027 (Civilis
158 979 293 1029 quanquam
308 964 316 1027 )
333 962 480 1013 celebrantur
491 959 549 1009 testu
561 975 602 1022 pet
617 955 710 1010 urbem.

30 1027 154 1076 Ctedetet
164 1029 211 1076 hoc
230 1029 334 1090 aliquis,
357 1041 411 1075 cunt
424 1023 469 1073 [int
483 1023 568 1072 fetalia
580 1021 645 1070 fassia

32 1095 67 1138 Et
83 1090 188 1148 asebia,
206 1095 232 1141 be
248 1096 346 1139 Cannae
359 1089 479 1137 Romanis
491 1088 588 1134 nomina
596 1103 605 1142 3
620 1084 726 1140 Mundae
734 1116 744 1141 ,-

32 1152 188 1211 Theffaliae‚
206 1153 340 1216 Thapbque
353 1151 403 1200 dies
416 1152 466 1210 jam
482 1152 542 1197 laeta
556 1160 670 1197 vocentut

34 1207 177 1279 Tentbotai
193 1215 348 1279 Pompejique
363 1228 461 1268 necem,
483 1212 608 1272 Sanuique
621 1210 742 1267 Catonis‚.

34 1279 206 1342 Scipiadaeque
219 1279 281 1327 albia
300 1275 403 1342 defigitet
415 1281 496 1325 Roma
511 1273 612 1336 lapillis?

36 1343 127 1390 Nullus
140 1343 210 1390 testae
225 1341 316 1396 bonet,
332 1353 405 1402 quent
418 1352 468 1385 non
481 1333 593 1385 affumete
605 1332 677 1397 poffit

36 1402 93 1467 Jant
106 1403 169 1461 fibi,
184 1406 269 1454 vie‘toti
279 1415 349 1451 tanta
361 1400 393 1450 est
413 1396 517 1449 concessa
529 1395 639 1460 potestas.

68 1467 133 1529 Quid
147 1483 209 1516 nunc
224 1467 327 1530 imperio
345 1463 449 1513 secutam
466 1460 575 1513 Caesatis
586 1459 685 1516 utbem,

37 1534 69 1579 Et
82 1529 183 1581 tandem
196 1542 297 1595 optata,
312 1542 354 1592 pto
361 1526 492 1582 *libettate‚
506 1525 585 1589 quiete

37 1597 183 1643 Lactantem
196 1628 203 1651 ‚
218 1592 289 1657 puffit
301 1591 379 1640 civilia
390 1589 466 1639 tutsus
478 1590 503 1636 in
515 1600 595 1642 uetita,

38 1655 127 1705 Rutsus
140 1657 164 1704 in
174 1655 305 1705 horrendas
318 1654 423 1717 populos
440 1652 565 1714 impellete
580 1647 658 1698 clades
665 1651 678 1699 ἓ.

40 1720 104 1774 Quid
116 1732 193 1768 tantas
206 1718 309 1770 viatoris
323 1729 401 1779 opesy
414 1712 564 1777 stabilitaque
576 1715 662 1778 Regna

39 1783 142 1831 Etu'ete?
157 1798 187 1830 an
202 1797 251 1831 non
266 1796 317 1831 tam
330 1779 404 1829 facile
418 1776 454 1826 est
464 1777 572 1841 suprema
586 1774 647 1822 tueti

39 1850 118 1908 Qaam
130 1844 187 1894 date
199 1845 253 1894 Diis
265 1843 369 1906 Supetisi
385 1857 411 1888 an
424 1854 476 1889 uon
489 1834 631 1887 mortalibus
646 1834 695 1885 ulia

38 1909 119 1957 Firma
131 1908 210 1965 datur,
228 1907 345 1970 nullisque
362 1902 433 1953 malie
445 1899 557 1951 violanda
570 1896 690 1962 potestas?

40 1972 148 2031 Nullane
160 1974 263 2021 livorem
276 1968 363 2035 poterit
381 1963 545 2015 ttunscendete
556 1962 645 2011 vietus?

40 2037 91 2082 Nec
107 2047 203 2082 tantum
217 2035 298 2083 metiti
312 2031 411 2093 spatium
425 2026 476 2083 est,
495 2024 561 2090 quod
573 2036 624 2072 uon
640 2020 765 2088 capitulla

39 2096 255 2149 Invidiaetabiesi
270 2095 309 2145 ob
319 2093 418 2145 summis
437 2088 528 2141 lubtiea
538 2088 629 2150 sempet

41 2165 70 2209 Et
86 2162 201 2209 minitans
213 2158 299 2208 statio!
318 2171 368 2208 non
383 2169 407 2203 te
419 2166 461 2204 tua
475 2150 577 2217 plutima
590 2149 664 2198 vinus

42 2227 151 2272 Secutum
165 2222 252 2272 Caesae
264 2219 379 2285 ptaestat,
394 2234 443 2267 non
457 2215 527 2265 tobut
544 2216 569 2263 in
582 2213 676 2269 nemis,-

42 2291 99 2335 Non
112 2286 222 2341 bonitas,
238 2280 364 2347 tantasque
375 2295 480 2345 aequans
497 2278 637 2327 Clementia
650 2276 721 2325 vitea.

42 2348 187 2413 supplicibus
198 2345 284 2397 ftustta
300 2346 409 2401 veniam,
422 2339 537 2405 vittisque
550 2338 665 2394 salutem3

15 2466 18 2479 ‚
42 2408 201 2476 Exulibusque
213 2409 295 2461 utbetn
309 2405 444 2473 pettnittis3
459 2403 565 2454 Romula
577 2399 662 2449 ftussta

42 2477 143 2540 lmpetia
159 2488 277 2523 exornate
288 2470 378 2528 nudes,
395 2469 455 2517 dunt
464 2467 558 2532 legibus
574 2461 673 2511 Otbetn.

43 2538 166 2589 Emendas
180 2537 297 2602 prudens,
316 2531 454 2597 autoppida
466 2530 545 2579 dituta
558 2525 644 2597 condis

43 2600 193 2668 Magnificus.
209 2600 282 2648 tantis
299 2596 434 2659 iamdudum
446 2591 552 2656 eutinsta
569 2590 642 2637 tuints
676 2648 682 2661 ⁸

44 2670 84 2716 Pet
102 2680 127 2713 te
139 2663 183 2712 stat
197 2664 335 2726 Cattbago,
349 2656 484 2722 nouisque't
528 2656 577 2703 leta
589 2652 702 2702 colonia*

44 2729 156 2794 Exutgit‚
171 2724 268 2774 nutibus
279 2731 336 2773 non
347 2725 396 2785 jum
410 2732 506 2769 metuen
524 2733 537 2765 a
549 2714 642 2764 Latinis

45 2795 82 2841 Tu
95 2803 195 2855 quoque
206 2787 318 2837 restauras
330 2822 338 2845 ‚
355 2783 475 2846 Latiisque
486 2778 617 2850 habitantia
629 2770 743 2825 Corinthi

44 2854 148 2910 Moenia
159 2850 202 2905 du
212 2851 328 2912 &metita
342 2864 387 2903 nec
399 2847 494 2973 ganam
504 2841 645 2897 autbottbus
655 2839 763 2953 ullam1>
779 2908 787 2950 t
