1809 3150
193 61 452 147 rasrruoum
477 95 528 144 na
551 97 725 150 bucano.
756 122 768 152 .-

71 170 230 222 laml’baron
244 169 333 224 subitus
347 170 442 222 erasm.
461 173 519 224 inde
530 175 676 240 depulsoria
689 177 779 239 marla,
791 179 857 234 mira

71 233 190 285 felicitate
202 236 234 285 ad
244 238 384 300 proximam
401 235 499 287 classem
510 242 635 298 enatavit,
651 243 737 293 reiiiio
754 244 856 309 quidem
888 236 900 257 ”

66 297 95 347 in
113 297 224 348 fluetibus
237 300 563 363 paludamentorseufaro,
585 300 626 355 seu
638 304 755 364 consilio,
775 321 802 357 ut
819 310 855 360 ll-
900 362 901 368 ,

63 359 108 413 lud
129 361 297 428 ingruentibus
312 360 417 415 bostium
432 365 489 416 telis
507 361 613 429 saxisque
626 379 752 431 perereton
786 376 854 421 Tan·

66 423 126 475 dem
142 438 251 489 receptur
265 424 388 479 aelafficis
400 424 468 486 suis,
484 428 590 495 undique
605 429 674 480 simul
685 429 766 483 hoster
780 431 854 483 ador·

65 487 125 546 ru'e,
155 487 186 553 de
208 488 304 542 imbelli
315 507 343 544 ac
359 491 448 559 perfida
460 505 545 558 genre,
568 492 627 555 iusta
642 495 724 559 generi
741 495 854 550 manibus

64 549 142 603 dedit.
175 554 269 617 Quippe
283 557 465 607 &Theodotus
478 556 605 623 magister,
620 557 853 609 audiortorirrsbel·
897 562 901 575 “

65 615 98 672 li,
115 617 145 664 de
155 629 185 664 ne
200 617 277 666 virilia
293 619 391 686 quidem
407 630 536 686 portenta,
557 619 672 670 Pothinus
683 635 756 687 arque
768 625 854 687 Gany.
899 618 902 649 l

65 676 169 734 medes,
183 677 269 730 diversi
283 697 324 748 per
334 698 404 733 mare
418 682 590 747 &transfugio
610 686 637 734 δι
647 698 728 734 mone
739 685 874 751 consum-N

3 772 5 775 .
55 740 101 805 ri,
115 741 193 806 Regis
204 741 276 808 ipsius
293 761 378 813 corpus
391 747 509 797 obrutum
519 747 579 796 limo
592 760 712 811 repertum
724 746 757 797 eli
768 749 794 798 in
809 763 853 799 au-

64 817 110 853 rea
123 805 205 854 lorica
223 807 326 860 honore.
359 816 389 861 ln
401 810 457 860 Alia
469 823 568 875 quoque
587 826 665 860 novur
678 827 758 861 rerum
771 825 854 864 monis

63 864 194 926 aaronro,
217 870 289 934 plane
300 871 368 939 quasi
379 873 410 922 de
420 872 536 924 industria
554 886 667 936 captante
680 873 777 924 fortuna
790 875 855 927 huno

64 931 238 982 Mithridatico
249 950 327 1002 regno
339 938 448 994 exitum,
471 937 522 986 uri
539 939 657 1001 Pompeio
670 949 753 999 parer,
769 938 853 988 icx-

62 994 117 1044 sare
134 994 199 1044 silius
218 998 359 1050 vinceretur.
392 1006 448 1051 Rex
467 1000 595 1050 Pharnaces
615 1002 695 1066 magis
716 999 854 1052 discordiae

63 1056 160 1108 noslrae
169 1056 277 1120 fiducia,
318 1079 373 1113 uam
383 1066 477 1114 virturis
488 1062 555 1119 suae,
578 1062 667 1113 infelio
680 1062 706 1112 in
721 1062 854 1128 Cappado·
874 1088 877 1094 ·

62 1122 129 1247 {itam
150 1124 249 1235 agmine
265 1078 354 1178 rugiat.
388 1127 432 1176 Sed
449 1130 513 1177 hunc
527 1124 613 1176 Caesar
633 1125 771 1201 aggressus,
786 1143 853 1187 uno,
882 1143 888 1156 ·

125 1196 152 1234 ut

62 1248 159 1303 minis,
183 1250 250 1313 quod
263 1267 312 1303 uno
330 1253 468 1318 eodemque
483 1267 612 1302 momento
624 1253 704 1310 venir,
718 1250 852 1317 percusbt',

61 1308 179 1364 absceshr.
221 1323 272 1364 Nec
286 1332 346 1367 varra
361 1315 391 1366 de
406 1314 429 1366 se
440 1317 587 1382 praedicatio
600 1314 634 1366 est
646 1316 753 1366 caesaris
770 1350 778 1373 ,
793 1330 852 1367 ante

63 1374 157 1427 viuum
170 1374 266 1429 hostem
277 1374 341 1438 esse,
361 1394 435 1445 quam
448 1381 532 1430 visum.
568 1380 604 1428 Sic
618 1395 673 1428 curn
686 1378 782 1428 exteris.
816 1386 853 1431 Ae

47 1437 92 1489 =in
105 1441 188 1491 Africa
208 1455 263 1491 cum
278 1442 366 1493 civibus
379 1443 459 1493 multo
477 1443 580 1492 atrocius
598 1457 672 1506 qnam
684 1444 707 1491 in
722 1440 852 1495 Pharsalia.

61 1506 119 1555 Huc
131 1505 246 1577 reliquias
260 1506 364 1570 partium
382 1506 552 1572 naufragarum
564 1506 663 1569 quidam
677 1505 765 1554 suroris
784 1503 853 1557 ailus

186 1185 334 1254 edixerim)
351 1203 470 1240 nun-roro
486 1190 578 1254 praelio
586 1189 701 1247 obtura,
724 1204 793 1239 more
802 1190 853 1241 ful-
902 1228 903 1233 ,

63 1569 203 1634 expulerat:
221 1584 266 1618 nec
288 1564 402 1637 reliquiar
416 1568 530 1627 diceres,
553 1567 593 1618 sed
612 1571 732 1635 integrum
746 1566 849 1621 bellum.

62 1630 159 1697 Sparsae
175 1633 269 1698 magis,
281 1648 354 1698 qoam
367 1634 489 1699 oppressae
508 1635 569 1682 vireo
582 1646 658 1682 erano
689 1638 795 1682 Auxerat
809 1630 853 1692 saff

62 1708 215 1748 uramentum
229 1694 365 1760 ipsaclader
376 1698 549 1759 imperatoris:
572 1711 618 1744 nec
634 1695 793 1769 degenerabat
805 1695 851 1745 du-

64 1774 124 1808 cum
136 1757 254 1809 success'ro.
288 1761 382 1826 Quippe
395 1759 450 1809 saris
463 1761 542 1826 ample
553 1756 654 1808 sonabat
667 1774 693 1808 ιιι
708 1758 852 1822 Pompeiani

60 1823 172 1872 nominis
188 1824 285 1882 locum,
301 1828 367 1874 Caro
380 1825 406 1874 δι
419 1825 507 1889 Scipio.
545 1821 650 1872 Accessit
663 1822 740 1886 copiis
757 1823 851 1872 Mauri·
885 1833 890 1838 ·

61 1897 134 1935 tanus
146 1902 189 1937 rex
203 1886 277 1950 juba,
298 1886 409 1936 videlicet
424 1901 450 1937 ιιι
462 1889 534 1936 latius
548 1887 653 1935 vincerer
667 1882 762 1935 Caesar.
801 1885 850 1934 Ni-

62 1950 101 2002 hil
109 1964 167 2013 ergo
180 1951 243 1999 inter
251 1949 394 2000 Pharsaliam
406 1953 431 2001 br
444 1946 574 2014 Thapson,
589 1946 634 1997 nisi
646 1946 713 2013 quod
725 1946 850 2020 amplior,

63 2027 146 2131 enarre
158 2014 235 2063 acrior
252 2010 451 2064 caesarianorum
462 2014 566 2077 impetus
578 2008 624 2062 sarit
635 2045 645 2072 ,
665 2009 850 2078 indignantium

64 2091 99 2147 po
117 2072 278 2146 ‚rompeiurn
296 2074 393 2132 crevisse
404 2074 514 2135 bellum,
530 2077 579 2128 bec.
