1809 3150
246 120 568 174 normarum.
775 134 821 181 297

13 212 115 271 >uncia
133 210 316 280 domuevvaria
331 216 447 266 cultorum
467 215 577 278 personat
594 226 654 276 arte,

12 277 114 327 Onusta
134 291 231 326 movet
243 275 361 337 studium,
377 293 420 327 nec
434 280 500 329 enim
518 279 561 328 tibi
577 279 635 328 dura
649 280 780 343 clientum,

12 339 97 389 rurba
116 337 225 389 tudisvc
240 342 336 404 placet,
351 342 438 391 misero
454 341 586 406 quaefreta
599 340 683 399 labore

12 402 53 451 ull
71 400 127 452 nisi
149 402 281 452 summoto
296 406 364 452 novit
380 404 521 468 praecedere
535 407 618 470 vulgo.

11 465 56 514 led
70 466 170 516 virtus
188 464 317 514 numerosa
332 467 404 524 iuvat.
427 480 453 516 tu
468 480 556 529 pronus
572 471 596 515 in
609 483 684 518 omne

11 530 124 578 leniora
144 526 220 576 ducit
231 542 306 592 opus,
322 526 361 578 seu
377 540 401 577 te
416 532 526 596 graviora
544 543 673 587 vocarunt,

11 593 57 640 len
74 593 186 640 leviora
200 591 289 647 iuvant.
311 606 356 641 nec
371 593 437 641 enim
449 591 560 641 facundia
574 591 667 658 semper

10 652 145 703 Adducta
160 667 220 701 cum
235 651 317 703 fronte
329 655 424 718 placet:
444 670 489 703 nec
501 654 591 718 semper
605 657 630 704 in
645 654 721 711 armis

10 716 119 766 Bellica
136 713 215 764 turba
229 729 325 764 manet:
340 732 385 766 nec
398 728 450 771 tota
465 716 571 767 classscus
588 718 674 768 horror

10 780 107 829 Hoste
131 776 228 842 dieque
243 779 336 843 gemit.-
354 793 398 828 nec
408 777 501 844 semper
516 778 627 831 Cnoffius
644 796 700 832 arcu

11 841 145 892 Destinat
158 874 167 897 ,
188 854 287 890 exemto
299 839 338 890 sed
350 845 417 891 iurat
431 857 522 892 cornua
535 857 618 894 nervo.

14 908 48 955 Et
62 906 153 970 galea
165 904 238 953 miles
252 917 335 968 caput,
351 914 375 954 et
387 905 450 954 latus
463 903 517 954 ense
529 903 633 959 resolvit.
710 958 719 965 x

14 966 74 1032 ipsa
92 966 172 1017 vices
186 977 268 1015 natura
283 965 359 1025 subit,
374 969 514 1031 variataque
526 968 603 1018 cursus

17 1029 160 1087 ordinat,
175 1027 273 1078 interlin
288 1042 313 1078 er
324 1028 448 1080 frondibus
463 1030 566 1092 explicat
576 1046 677 1083 annum.

16 1098 86 1146 Non
103 1089 207 1158 semper
221 1091 300 1141 fluidis
314 1091 439 1157 adopertus
458 1091 558 1155 nubibus
569 1096 651 1146 aether

19 1162 114 1206 Aurea
134 1152 248 1204 terrificis
259 1154 373 1205 obcaecat
388 1153 463 1204 fidera
481 1155 576 1206 nimbis.

20 1215 115 1269 oess‘at
137 1218 233 1275 hiems,
247 1217 360 1267 madidos
373 1230 399 1268 et
414 1215 484 1267 iiccat
497 1232 552 1267 vere
566 1233 592 1268 ca
610 1218 684 1269 illm:

22 1287 74 1332 Vct
92 1280 168 1345 fugit
187 1279 302 1330 aestates.-
317 1280 432 1331 aestatum
445 1294 514 1346 terga
528 1281 580 1329 lace
609 1295 619 1328 t

22 1342 150 1395 uomifer
164 1356 306 1400 autumnus,
318 1343 408 1393 nimbis
422 1343 537 1399 cessurus,
554 1357 579 1393 et
591 1340 670 1391 undis.

23 1411 107 1473 ignea
126 1406 278 1469 quinetiam
293 1410 404 1469 Superum
414 1419 482 1471 parer
498 1419 564 1454 arma
578 1404 704 1465 recondit,

26 1477 58 1521 Et
77 1473 142 1519 Gan
189 1468 261 1517 edeae
272 1481 383 1534 repetens
399 1470 510 1518 convivia
524 1467 635 1526 mensae,
706 1516 711 1523 ,

26 1532 126 1588 locuta
151 1531 212 1581 uruit
224 1545 265 1590 ea,
281 1543 329 1597 qua
346 1530 414 1598 geliir
425 1530 542 1588 fulmina,
558 1530 649 1583 dextra.

28 1601 99 1646 'rem
138 1592 206 1644 ribus
220 1594 305 1644 servire
318 1594 403 1645 decet:
419 1597 461 1657 qui
474 1607 582 1659 tempora
596 1597 669 1645 certis

28 1661 85 1711 i’on
106 1656 192 1707 eribus
208 1655 317 1722 pensavit
333 1672 388 1707 eum
406 1654 424 1706 sr
441 1656 505 1707 bella
516 1656 651 1715 vocabunt3

29 1723 114 1772 Miles
133 1721 199 1777 erit3
215 1719 231 1769 fi
249 1735 311 1784 pax,
341 1719 407 1770 osiris
421 1733 480 1785 toga
495 1719 580 1785 gestiet
595 1720 678 1769 armis.

30 1791 108 1835 Hune
122 1783 179 1833 fora
207 1734 462 1837 aearumbellantem
474 1783 548 1832 castra
564 1781 692 1831 decebunt.

31 1848 107 1898 Felix
124 1847 171 1895 illa
185 1796 248 1903 dies,
262 1857 389 1912 totamque
404 1845 510 1895 canenda
522 1860 564 1909 per
584 1842 686 1899 orbem,

32 1917 108 1971 Quae
127 1907 193 1965 tibi,
206 1909 297 1958 bitales
309 1925 364 1959 cum
376 1910 480 1973 primum
492 1907 597 1956 traderet
613 1920 680 1954 auras
690 1932 703 1958 ‚

32 1972 154 2023 contulit
171 1972 304 2021 innumeras
316 1973 379 2021 intra
392 1983 433 2021 tua
449 1971 546 2034 peiiora
556 1969 634 2018 dotet.

34 2037 106 2086 Mira
119 2032 197 2083 subest
210 2035 317 2102 grauitas
330 2036 393 2083 inter
405 2032 460 2083 fora
474 2050 482 2079 .·
499 2033 574 2082 mirus
588 2027 677 2081 omiffa

34 2095 165 2162 tantisper
178 2099 296 2158 grauitate
311 2097 388 2161 lepos.
403 2095 540 2146 srcarmina
556 2095 621 2158 sorte

36 2161 149 2211 Nesterc
164 2157 256 2208 ludenti
272 2160 329 2216 iuvit
345 2159 463 2209 fluitamia
478 2156 557 2214 versu,

36 2224 154 2274 Aonium
168 2221 247 2272 facilis
263 2222 359 2276 deducit
373 2224 462 2287 pagina
477 2218 582 2272 carmen.

37 2289 95 2336 Sive
109 2284 199 2348 chelyn
215 2285 312 2350 digitis,
327 2297 351 2335 et
367 2284 459 2334 eburno
473 2284 571 2334 vctbere
585 2281 681 2349 pulsat,

36 2349 126 2399 Dulcis
143 2347 269 2409 Apollinea
287 2345 309 2396 se
329 2347 391 2396 uitur
402 2345 517 2395 testudine
532 2360 628 2405 cantus,

36 2416 71 2463 Et
85 2424 113 2461 te
131 2406 245 2461 credibile
257 2410 290 2460 eil
304 2415 319 2460 Ρ
338 2408 404 2459 oebn
414 2408 519 2459 didicilic
535 2407 659 2475 magistra

37 2478 97 2526 Nec
113 2471 202 2538 pudeat
214 2472 325 2537 pepulisse
339 2475 417 2533 lyram
430 2507 437 2528 ,
458 2486 583 2537 cumpace
599 2469 686 2521 serene

38 2536 139 2587 Publica
153 2532 237 2584 securis
253 2535 368 2586 exsultent
387 2535 438 2584 otia
456 2535 532 2584 tertii.

39 2602 100 2649 Nec
112 2597 198 2663 pudeat
216 2597 325 2648 Phoebea
338 2598 428 2663 chelys.
444 2597 462 2647 fi
479 2596 580 2647 creditur
593 2595 643 2647 illic

40 2661 132 2712 laisari
150 2659 276 2719 manibus,
291 2660 376 2726 quibus
398 2673 424 2710 et
434 2661 583 2710 contenditur
598 2672 668 2709 arcus

41 2722 98 2788 lpse
109 2722 185 2773 fidem
206 2723 306 2773 movisse
320 2723 390 2774 ferox
407 2738 513 2773 narratur
527 2723 648 2778 Achilles,

42 2788 165 2853 Quamvis
182 2786 251 2835 mille
267 2797 330 2837 rates
344 2788 473 2837 Priameius
486 2798 563 2835 urerer
586 2783 674 2842 heros,

42 2853 78 2904 Et
99 2849 181 2919 gratie
200 2846 348 2919 obstreperet
361 2848 492 2977 ungulatis
508 2847 610 2908 ductim
621 2840 716 2916 nectit}
776 2921 780 2927 ⁵
837 2823 840 2854 ³
