1809 3150
57 122 59 125 ι
269 53 604 103 rastrmourn

40 141 147 194 vinciam
165 135 263 198 millius,
280 140 348 204 pulso
362 140 500 208 fugatoque
514 148 579 192 varo
593 143 643 205 jam
658 143 783 213 supethrrt,
797 145 837 199 iit·

41 196 121 256 bitum
139 204 216 270 Jubae
235 205 467 269 tensamentum,
490 209 678 272 equitatumque
693 215 838 263 Maurorum

40 265 153 321 sustinere
171 285 222 318 uon
236 270 323 333 potuit.
357 270 455 318 Patebat
467 270 533 318 visto
545 269 621 336 fuga,
638 271 678 321 sed
692 273 769 336 pudor
784 273 837 324 stra·

42 327 90 392 lit,
113 344 138 382 ut
152 331 263 381 amilium
274 331 315 382 sua
326 333 463 382 temeritate
477 334 612 383 exercitum
626 369 634 391 ‚
657 348 736 386 morte
750 335 774 386 se
796 353 841 387 ue·

45 408 118 447 tetur.
134 396 179 445 Sed
191 397 239 454 iam
251 394 358 445 debitum
372 411 413 461 par
423 396 524 445 fortuna
537 396 678 462 flagitante,
694 352 839 450 setenstet-

46 457 75 510 lo
88 459 215 517 Pompeius
229 465 318 522 Epiron
332 459 452 524 elegerat,
469 475 514 508 nec
527 461 616 509 Caesar
628 474 752 521 moratum
765 466 838 540 quip-

45 539 93 592 pe,
115 522 233 572 ordinatis
248 523 261 572 a
278 537 349 589 tergo
368 521 483 573 omnibus
500 557 508 580 ,
536 529 648 588 quamvis
664 524 742 574 hiems
755 528 839 578 media

45 588 184 653 prohiberet
205 588 366 651 tempestate,
393 585 424 634 ad
438 584 533 635 bellum
546 588 686 652 navigavit:
702 588 838 655 politisque

49 651 80 701 ad
100 651 200 699 Oricum
213 649 293 698 castris
310 685 318 707 ,
346 664 469 714 cumapars
484 651 603 700 exercitus
623 654 656 700 ob
669 653 779 718 inopiam
793 668 838 703 na·

45 715 112 764 vium
132 728 185 761 cunr
204 715 315 762 Antonio
327 710 423 763 dimissa
439 745 447 770 ,
469 714 593 764 Brundufii
612 730 710 765 moram
728 716 834 773 faceret3

46 777 108 827 adeo
119 776 247 839 impatiens
260 789 327 833 erat,
344 790 370 826 ut
383 778 415 828 ad
429 773 581 827 arcessendos
594 793 653 835 eos,
663 780 765 829 ardente
778 795 839 830 ven·

47 842 79 890 tis
94 840 168 895 mati,
184 842 255 890 uotae
272 839 401 898 concubia,
421 839 580 902 speculatorio
593 843 707 907 navigio,
725 842 791 893 solus
805 846 840 903 ire

49 903 189 954 tentaverit.
220 903 301 953 Exstat
319 904 348 952 ad
357 903 475 967 trepidum
492 916 561 952 tanto
575 902 711 953 discrimine
722 905 841 971 guberna·

47 979 131 1016 torum
143 970 191 1015 vor
208 966 291 1032 ipsius:
308 966 372 1030 Quid
381 967 472 1017 times?
487 966 616 1016 Caesarem
628 969 705 1019 vehis.
734 976 841 1019 Contra·

40 1032 93 1081 :slis
106 1030 132 1077 in
145 1042 219 1079 unum
233 1030 341 1094 undique
355 1032 470 1079 omnibus
483 1031 575 1094 copiis,
593 1028 722 1096 positisque
734 1035 842 1082 commi-

46 1092 199 1149 adscribis,
217 1093 309 1142 diversa
323 1105 391 1141 erant
405 1095 491 1142 ducum
508 1093 611 1141 consilia.
643 1093 731 1143 Caesar
744 1112 841 1160 prona-

45 1170 98 1207 tura
114 1156 197 1215 seror,
216 1160 242 1207 δι
254 1155 416 1205 conficiendae
435 1156 469 1204 rei
482 1157 596 1217 cupidus,
622 1156 742 1206 ostentare
751 1161 840 1218 aciem,

48 1233 180 1285 provocate
194 1253 202 1276 ,
231 1219 362 1277 lacessere,
391 1235 455 1268 nuuc
469 1218 595 1268 obhdione
609 1221 756 1278 castrorum,
777 1237 842 1282 quae

49 1296 118 1332 erant
134 1281 236 1332 sedecim
249 1284 355 1332 millium
367 1284 434 1333 vallo
446 1280 552 1331 obdut'lta
569 1284 578 1337 s
592 1280 632 1331 sed
649 1284 706 1348 quid
721 1285 758 1333 his
770 1283 843 1334 obes·

54 1345 90 1397 set
102 1342 208 1404 obsidio,
226 1348 267 1411 qui
282 1359 379 1412 parente
392 1348 452 1396 mati
465 1345 576 1395 omnibus
582 1348 658 1410 copiis
666 1345 813 1397 abundarent
819 1347 842 1411 i)

54 1425 118 1460 nunc
131 1411 307 1475 expugnatione
321 1408 464 1472 Dyrrhachii
482 1410 563 1463 irrita,
587 1409 598 1472 (
612 1412 699 1475 quippe
713 1423 784 1474 quam
799 1414 842 1462 rel

50 1471 115 1528 :fitur
128 1474 339 1537 inexpugnabilem
354 1471 461 1535 faceret)
478 1471 508 1522 ad
522 1474 583 1529 hoc,
597 1472 692 1522 assiduis
701 1474 725 1521 in
738 1475 845 1538 eruptio-

55 1551 115 1588 nem
130 1536 234 1588 hostium
245 1536 341 1613 praeliis
367 1538 377 1603 (
390 1551 440 1603 quo
455 1549 565 1601 tempore
578 1538 675 1603 egregia
687 1537 759 1587 virtus
772 1541 843 1589 Scae-

57 1615 104 1652 vae
118 1601 265 1652 centurionis
280 1600 392 1661 emicuit,
409 1601 475 1665 cujus
486 1602 512 1651 in
524 1600 590 1652 scuto
609 1615 704 1650 centum
721 1614 793 1665 atque
805 1604 845 1654 vi·

57 1665 122 1733 giuti
133 1669 181 1715 tela
195 1662 293 1730 sedere)
317 1669 365 1728 iam
377 1681 436 1716 veto
455 1664 591 1729 direptione
605 1664 698 1714 urbium
711 1660 844 1728 sociatum,

57 1739 113 1779 cum
126 1731 224 1779 Oricum
237 1733 262 1780 &
275 1731 418 1793 Gomphos,
440 1731 465 1778 δι
481 1732 529 1778 alia
540 1729 635 1784 caslella
647 1726 782 1779 Thessaliae
798 1746 843 1780 va·

56 1790 144 1843 staret:
174 1795 302 1858 Pompeius
317 1791 426 1844 adversus
439 1791 498 1841 haec
511 1794 604 1843 rediere
617 1808 714 1848 moras,
728 1794 846 1857 tergiver-

57 1854 103 1905 sati
115 1855 206 1914 stntul,
235 1873 260 1905 ut
278 1856 371 1907 hostem
388 1854 542 1905 interclusum
556 1855 662 1917 undique
681 1858 763 1919 inopia
775 1870 844 1906 cont·

4 1958 7 1964 ,
57 1930 181 1970 meatuum
198 1934 311 1978 terreret,
326 1933 399 1985 utque
413 1917 571 1967 ardentissimi
583 1919 647 1965 ducis
662 1914 840 1969 consenesceret

59 1980 171 2046 impetur.
193 1986 245 2032 Nec
257 1983 345 2033 diutius
358 1981 446 2046 profuit
459 1981 513 2029 duci
530 1979 631 2028 salutate
643 1979 767 2029 consilium
793 1983 845 2031 Mi-

2 2085 5 2091 .
51 2044 116 2095 liter
130 2047 221 2103 otium,
237 2045 295 2096 socii
308 2061 422 2100 moram,
455 2043 572 2106 principer
586 2040 705 2091 ambitum
725 2044 792 2093 ducis
805 2047 843 2094 in-

58 2109 199 2172 crepabant.
233 2111 270 2159 Sic
284 2105 491 2172 praecipitantibus
507 2105 585 2162 fatis,
613 2107 706 2179 praelio
719 2105 796 2157 sumta
809 2106 844 2158 est
887 2119 893 2126 ·

57 2170 202 2221 Thessalia.-
232 2174 258 2223 δι
271 2172 407 2238 Philippicis
424 2169 532 2233 campis¹
570 2167 657 2225 urbrs,
678 2170 787 2236 imperii,
804 2187 845 2236 ge·

15 2254 18 2259 ·
59 2236 123 2284 neria
142 2235 241 2284 humani
259 2234 309 2284 fata
328 2229 456 2284 commissa
475 2239 535 2281 lunt.
573 2236 706 2296 Nunquam
723 2235 773 2283 ullo
787 2235 844 2284 loco

57 2307 153 2347 tantum
167 2299 251 2347 vitium
266 2301 366 2362 populus
380 2301 526 2350 Romanus,
540 2308 637 2344 tantum
652 2297 777 2360 dignitatis
791 2295 844 2346 fot·

53 2357 116 2408 'tuna
130 2361 196 2410 vidit.
213 2366 331 2410 Trecenta
345 2361 447 2423 amplius
460 2359 539 2407 millia
552 2358 607 2407 hinc
619 2360 737 2417 &illiuc,
751 2373 844 2424 praeter

57 2423 146 2471 auxilia
165 2438 250 2489 regum
263 2425 287 2473 dt
301 2421 403 2474 senatus.
442 2427 575 2485 Nunquam
594 2422 747 2473 imminentis
763 2424 845 2474 ruinae

58 2485 222 2536 manifestiora
235 2485 365 2553 prodigia,
400 2485 459 2599 fuga
470 2485 635 2541 victimarum,
650 2488 776 2545 examina,
790 2486 846 2536 inli-

11 2551 15 2557 “
57 2561 119 2613 gner
136 2550 239 2600 interdiu
267 2550 387 2600 tenebrae.
448 2566 480 2600 ur
494 2549 582 2614 ipse&
601 2549 719 2598 nosturna
737 2550 845 2616 imagine

58 2612 148 2663 theatri
162 2614 196 2663 sui
210 2612 309 2665 audiens
320 2612 427 2681 plausum
440 2613 466 2662 in
481 2612 581 2664 modum
596 2614 705 2675 planctus
718 2610 845 2662 circumso-

58 2678 128 2734 nare,
145 2680 170 2729 ἃ
184 2691 256 2727 manc
268 2693 322 2728 cum
338 2677 405 2741 pullo
419 2678 525 2727 amiculo
543 2675 645 2741 (nefas)
662 2674 722 2739 apud
730 2675 846 2741 principia

1 2802 2 2805 Ἴ
57 2739 123 2790 cons
134 2741 199 2791 edus
212 2739 254 2791 eil.
287 2744 417 2804 Nunquam
431 2742 509 2789 acrior
520 2754 598 2801 neque
612 2739 713 2790 alacrior
730 2739 846 2789 exercitus

1 2834 2 2845 t
59 2757 235 2855 Caesairisfuit.
268 2803 326 2853 lndc
341 2802 434 2853 clail'rca
445 2804 526 2868 prius,
540 2801 662 2852 indetela
695 2807 846 2852 Annotatunt

1 2852 2 2921 l
58 2879 158 2935 quoque
171 2867 346 2922 committentis
360 2868 440 2918 aciem
457 2864 560 2918 crastini
571 2866 664 2931 pilam
679 2867 723 2932 qui
734 2864 846 2978 moad-

819 2942 836 2979 ο
