1809 3150
209 109 404 159 chrtut
435 113 602 159 LIB.VI‚
745 114 788 164 361

35 183 103 234 linivit
120 182 214 234 tandem
233 185 297 236 dubii
318 188 449 236 certamina
462 190 563 244 Martis,

35 248 167 312 >denditque
184 249 269 312 quibus
286 252 349 299 coeli
361 252 489 315 pelagique
504 251 600 300 labores
658 292 661 296 ,

35 311 66 375 pse
77 311 190 360 excivisset
202 326 294 361 tantos.
313 314 412 363 vidrotia
425 313 488 362 elasfi

35 372 139 428 ;aesartae
148 376 196 434 jam
209 378 279 439 plena
291 375 348 430 fuit,
363 391 436 439 quam
451 376 536 426 Didius
555 373 632 424 audax

35 434 106 484 ‘rubuit
119 451 192 486 vento
204 451 244 487 aut
261 440 341 502 pelagi
352 439 438 488 debere
450 439 572 503 procellis.

48 499 154 547 Amisiam
165 506 241 550 Varus
253 498 351 550 classem
363 502 436 552 ridet.
460 509 546 549 obruta
565 510 643 565 ponto

35 562 152 619 attinuit:
170 579 225 628 pars
238 565 340 613 virtores
352 561 449 625 polleffa
461 562 572 613 vehebat.
680 567 684 573 “

35 625 142 688 relliquias
152 626 232 676 secum
245 626 394 692 fugientibus
408 627 461 674 inde
472 627 557 675 carinis

35 689 119 746 :attelae
130 690 158 739 ad
170 704 269 754 portum
284 692 363 747 vexit,
383 688 517 754 ratibusque
530 688 621 738 relidit

35 749 120 799 mensur
130 754 215 802 tellure
229 755 298 809 vias,
316 753 373 802 hinc
384 752 457 802 castra
485 751 565 801 etebat

35 814 115 876 ‘ampeli
128 814 220 875 juvenis
233 829 290 866 toto
305 828 359 865 tunc
372 817 448 870 milite
471 816 543 864 rullrn

35 877 109 926 loenia
120 881 249 941 Pompeius
267 883 375 928 munitae
383 876 510 927 obsederat
521 877 599 926 Ullae.

47 944 129 989 tutetea
140 943 207 992 eursu
220 943 295 991 celeri
312 942 379 1005 (quo
390 941 455 991 bella
469 939 561 989 solebat

35 1000 153 1068 bnfieere)
170 1002 290 1062 Hispanas
303 1003 444 1068 properabat
457 1000 544 1052 caesar
559 1002 587 1052 ad
602 1017 665 1053 oran

35 1066 87 1123 luem
102 1069 183 1117 Roma
192 1066 314 1141 egreffitm
326 1066 388 1117 dena
404 1067 441 1115 bis
453 1067 506 1115 luce
518 1071 633 1130 saguntus

35 1127 115 1188 ncipit,
131 1131 193 1181 Urbs
207 1132 266 1181 ndei
279 1133 369 1179 clanim
381 1144 423 1194 per
434 1128 526 1179 saecula
541 1144 648 1188 nomen,
776 1177 778 1180 ,

35 1188 142 1243 lterimm
155 1195 283 1257 <monetam
295 1198 423 1257 superum,
455 1191 520 1256 quod
533 1193 640 1241 nonnisi
654 1208 744 1258 magno
784 1241 787 1245 .

35 1250 90 1300 leleri
102 1257 193 1308 excidio
204 1258 284 1322 potuit
303 1256 457 1319 Carthaginis
470 1256 539 1304 altae.
647 1309 649 1312 ,

35 1312 80 1362 lrbit
91 1319 120 1366 ad
132 1320 269 1372 occiduum
280 1318 362 1369 nitidis
374 1321 393 1367 it
405 1318 483 1367 'Duria
497 1316 613 1381 Lymphis

35 1374 82 1425 :ulta
92 1383 167 1445 rigans
178 1386 274 1438 vicina,
298 1394 370 1445 atque
389 1382 418 1431 iu
433 1385 502 1431 Mare
514 1381 593 1429 tendit
606 1378 709 1431 iberum.
727 1441 734 1453 l
770 1395 777 1404 ·

35 1435 127 1494 udicis
139 1446 201 1497 haud
214 1450 279 1497 tanti
290 1449 383 1495 eutium
395 1446 434 1494 vel
447 1447 520 1493 Duria
530 1443 621 1498 tardat,

35 1501 58 1547 sel
67 1507 156 1576 rapidae
170 1510 282 1560 Sucronis
294 1522 383 1574 aquae,
399 1503 524 1557 montesve
536 1505 640 1562 corusci,

35 1563 85 1625 atur
97 1572 184 1627 faciunt
197 1575 263 1625 ditet
275 1585 388 1637 argentea
400 1570 501 1620 nomina
513 1585 597 1620 venae.

35 1625 71 1697 ude
85 1638 142 1697 rapit
155 1637 249 1688 cursum
266 1636 343 1686 flavae
354 1649 395 1701 per
407 1635 490 1684 littora
501 1633 595 1688 Baetis,

35 1700 49 1732 ²⁸
60 1699 132 1751 Procul
143 1698 250 1765 egressus
267 1701 327 1748 totis
339 1713 378 1755 te,
394 1695 511 1746 corduba
521 1695 604 1752 dives,

35 1748 134 1819 >bunione
145 1766 233 1827 premit
239 1764 342 1818 -tutmia,
362 1774 410 1810 non
421 1758 460 1823 spe
472 1757 615 1823 potiundae,

35 1817 147 1888 ¹'l'taefidiis
160 1828 245 1877 urbem
256 1825 343 1875 validis
361 1839 418 1873 nam
437 1828 519 1870 sertus
538 1817 660 1882 habebat)

35 1876 60 1923 *ld
72 1885 145 1936 trabat
158 1888 263 1942 obsessae
274 1901 300 1937 ut
314 1887 454 1950 Pompeium
468 1900 481 1934 a
498 1881 624 1933 moenibus
639 1881 720 1935 Ullae·

35 1939 154 2006 bodium
165 1954 253 2003 evenit.
269 1965 375 2014 namque
393 1945 517 1997 obsidione
532 1947 615 1996 relilia

35 2002 202 2070 l⁰mpejustotis
220 2016 318 2066 scitatur
329 2012 416 2061 viribus
429 2010 523 2059 hostem
595 2071 600 2082 .

40 2078 169 2138 impugnare
183 2077 297 2142 cupidus3
317 2072 356 2124 sed
369 2091 421 2124 non
433 2087 555 2123 certamen
568 2072 654 2136 iniquo

35 2129 97 2183 Caesar
109 2141 168 2189 inire
182 2146 240 2192 loco
253 2140 346 2189 statuit:
361 2153 443 2188 verum
461 2139 558 2210 agmine
570 2148 642 2183 moto

35 2191 154 2261 imgressus,
174 2203 231 2255 Salii
246 2219 296 2252 non
312 2217 411 2266 magnas
423 2201 522 2249 transilit
542 2196 631 2255 undas,

35 2256 176 2331 lleguamque
186 2265 337 2330 capit-subita
349 2266 452 2315 feliciter
466 2277 524 2312 atre.

35 2327 133 2390 ‚Ategua
147 2332 243 2387 amissa,
258 2330 347 2378 vetitus
357 2327 483 2390 Pompeius
495 2326 586 2381 iberas,

35 2392 111 2454 plnum
121 2393 243 2457 quaffante
254 2392 340 2449 fidem,
357 2406 388 2440 ne
400 2391 508 2454 perderet
526 2388 597 2438 urbes

35 2456 48 2487 :t
57 2451 152 2517 reliquas
160 2459 222 2515 ,nui
235 2468 346 2520 properat
358 2456 512 2504 committere
524 2465 618 2515 pugnae

35 2518 68 2565 ‘Pes
84 2528 181 2578 omnes,
196 2516 384 2585 viresquesuas3
398 2516 539 2580 hostemque
555 2518 644 2566 secutus

35 2569 105 2648 {llum
118 2583 149 2632 ad
161 2584 267 2634 Mundae
279 2583 364 2632 satalia
378 2584 485 2646 pervenit
497 2595 560 2649 arua.

35 2634 93 2687 rastra
111 2644 175 2696 locat
188 2648 281 2696 tumulo
293 2645 409 2698 modico,
433 2646 476 2706 qui
488 2644 586 2707 desuper
598 2656 698 2693 omnem

35 2695 145 2761 lanitiem,
154 2712 202 2760 late
215 2707 346 2774 despeilat‚
369 2703 478 2759 caesaris
490 2708 552 2756 unde

35 2768 79 2810 tute
89 2773 171 2822 oeulos
184 2773 270 2839 posrtas
285 2775 362 2838 potuit
374 2770 503 2820 numerare
516 2771 640 2818 cohortes·
654 2830 659 2841 ι

46 2826 114 2882 Nulla
126 2834 164 2886 hic
174 2837 283 2901 auguria,
304 2850 348 2888 aut
358 2847 439 2957 tange
452 2834 591 2899 prae-nuntia
602 2831 673 2883 cladis
731 2898 777 2945 Ν

749 2906 761 2942 1
780 2919 789 2931 ι
