1809 3150
57 126 104 178 316
243 124 670 177 SUPPLEMBNTUM
872 1 897 184 1

52 206 103 249 Ant
115 195 209 261 obiella
220 210 299 252 tenet.
316 199 401 253 cedunt
416 201 476 250 haee
491 201 582 250 somnia
597 203 691 254 cunlla

51 263 162 320 Divinis,
179 278 241 328 qnae
253 263 291 312 dat
305 267 423 319 Numen,
440 264 563 328 longeque
575 278 672 315 remota

52 329 114 374 Non
133 325 220 376 audent
233 327 318 389 templi
333 326 411 374 sacros
424 327 514 377 intrare
526 325 634 377 reeellua.

83 389 165 438 Nolle
180 389 231 438 fere
245 388 324 438 media
339 389 471 438 Ptolemaei
483 388 580 452 pellora
598 379 698 441 somnus

53 450 150 500 vicerat
162 464 274 515 optatur,
295 466 349 501 cum
364 453 411 511 jam
426 449 510 500 divina
521 453 614 515 Serapis

51 515 167 571 Somnia,
180 514 320 564 mutandum
327 513 422 577 AEgypti
435 515 554 562 narrantia
568 530 685 581 regnunt,

50 574 168 633 Miserat,
184 576 271 627 incell'u
290 578 359 628 tardo
372 573 472 626 delubra
484 573 582 641 petebat

50 642 99 687 Bor
111 639 177 712 niger
192 641 287 704 ingenti
299 639 390 704 l‘peeie3
404 638 559 705 geminisque
572 637 681 689 micabat

50 702 120 751 Pelle
136 699 259 766 insignitur
272 702 364 760 flurin
379 716 480 767 quarum
493 702 570 750 altera
583 713 669 768 tergo,

49 766 135 814 Altera
147 763 228 814 fronte
241 765 287 816 fuit
306 766 395 816 media.
415 764 526 830 Lugubre
543 765 638 814 videtur

49 827 147 891 Mugite
159 862 167 884 ,
181 839 254 892 atque
269 829 347 879 oeulis
360 824 617 891 lacrymas'effundere
629 825 723 892 nigris,

49 889 184 940 consedens
198 893 292 950 macie,
308 906 348 940 tan
369 906 423 940 uam
437 891 480 954 qni
494 889 581 952 pabula
596 891 663 940 nulla

48 951 168 1002 custaffu
182 968 301 1005 moerens.
317 905 371 1004 rod
382 952 505 1014 majestate
518 952 608 1002 decora

37 1015 160 1074 elncedit,¹
174 1017 285 1081 quamuis
301 1017 394 1080 pullato
407 1016 517 1067 foemina
530 1016 595 1064 cultu

7 1125 8 1134 ,
48 1081 182 1146 Turrigero
195 1080 287 1128 laceros
298 1075 422 1128 effundens
434 1080 524 1128 veitice
539 1078 635 1133 crinea,

50 1146 134 1205 Atque
148 1154 275 1192 catenatos
291 1142 393 1191 tendens
408 1140 461 1206 poll
475 1153 544 1204 terga
556 1141 671 1192 lacertos.

50 1208 130 1263 Tum,
144 1207 210 1255 velut
230 1203 319 1255 Inferni
331 1207 453 1270 plorarent
472 1216 563 1252 carcere
576 1206 684 1263 Manes,

48 1270 133 1330 Erupit
146 1267 223 1317 subito
233 1270 332 1321 tumulis
347 1264 502 1332 lacrymabile
517 1280 627 1315 murmur

49 1335 88 1380 Ex
99 1332 170 1389 lmir,
185 1330 260 1380 scindi
271 1331 360 1397 regalia
373 1327 499 1379 Mausolea

49 1392 133 1451 Vidit,
150 1408 174 1451 et
187 1406 271 1458 erupto
284 1395 448 1445 Ptolemaeum
463 1393 529 1440 taire
542 1387 668 1453 l‘epulclrro

49 1456 168 1521 largarum
180 1459 261 1521 primo
275 1490 283 1512 ,
304 1458 409 1521 reliquos
421 1455 484 1504 hune
498 1453 585 1502 ordine
597 1467 668 1517 reges

49 1525 115 1571 Pone
127 1519 209 1586 sequi,
225 1517 326 1569 miserae
339 1519 442 1568 crudelia
456 1516 507 1565 fata
521 1528 656 1582 gementes.

49 1588 95 1636 llis
108 1599 165 1636 veto
178 1584 294 1632 attonitus
308 1582 363 1632 vilia
377 1584 529 1633 Ptolemaeus
548 1575 599 1645 (ab
615 1577 687 1628 omni

48 1653 117 1699 Nam
147 1645 224 1697 elidut
237 1645 332 1710 trepido
345 1644 452 1695 manavit
467 1655 570 1706 corpote
582 1639 678 1705 sudor)

47 1662 151 1764 arenul>
164 1710 251 1761 somno
264 1710 383 1774 templum
398 1705 668 1778 circumspicirlomne,

48 1778 121 1826 'salia
133 1776 244 1825 diuorum
257 1786 375 1837 quaereus
387 1770 496 1827 ostenta,
512 1766 552 1817 sed
565 1767 610 1815 illa

46 1846 117 1906 Qrae
127 1838 204 1895 vidit,
217 1834 315 1894 claulis,
331 1836 408 1909 oculis
422 1849 473 1888 non
489 1828 667 1903 viditapertia.

47 1892 671 2018 intrantia?ltlllinzllltlil‘P‘

47 2037 130 2094 Atque
141 2028 347 2094 propinquantem
367 2024 433 2084 regni
454 2021 536 2070 dixere
550 2020 645 2067 ruinam

48 2093 146 2142 Niliaci.
165 2103 217 2139 turn
228 2087 282 2137 Diir
297 2086 384 2150 patriis
396 2084 537 2142 lullrantur,
555 2093 579 2130 et
591 2094 644 2131 arar

45 2155 178 2207 incendunt
194 2150 266 2202 votis.
281 2147 322 2198 sed
336 2148 376 2197 Dii
393 2148 504 2214 propiore
517 2145 582 2196 ruina

45 2222 99 2276 Te,
115 2215 264 2270 Ptolemaee,
278 2223 403 2276 prement:
419 2208 498 2266 casus,
513 2205 663 2266 miserande,
677 2205 779 2265 flaturus

46 2287 113 2333 Dum
125 2278 216 2345 patriae
226 2285 320 2331 narrat,
336 2275 398 2324 celat
410 2286 451 2323 rua
463 2272 515 2326 fata
529 2271 631 2335 Serapis,

77 2352 171 2393 interea
181 2340 263 2390 valido
277 2337 430 2387 Mithridates
442 2337 538 2399 agmine
553 2348 628 2399 nuper

45 2412 91 2458 Per
102 2407 207 2457 cilicum
221 2405 324 2469 populos
339 2402 466 2466 Syriaeque
479 2411 588 2448 extrema
602 2396 706 2457 condo,

45 2470 87 2520 Ad
102 2468 243 2529 Pelusiacam
255 2479 387 2532 properant
405 2473 547 2529 pervenerat
559 2474 654 2518 arcem,

44 2539 114 2598 Qrae
126 2533 225 2583 viridem
237 2534 363 2595 AEgyptum
377 2532 457 2592 Syriae
469 2525 618 2574 disterminat
639 2521 714 2574 atris.

44 2599 113 2645 Nam
126 2607 179 2644 rota
191 2599 306 2656 AEgyptus
322 2590 425 2639 elaulltis
437 2589 531 2638 munita
543 2584 636 2634 duobus

43 2660 153 2716 Nititur3
169 2656 284 2705 accellum
297 2650 429 2717 prohibens
445 2666 488 2700 arx
501 2649 543 2699 illa
557 2647 710 2712 pedestrem,

42 2723 76 2768 Ut
90 2722 180 2774 Pharos
192 2730 355 2781 aequoreum,
370 2714 431 2761 ranti
444 2712 497 2761 sunt
518 2712 619 2760 moenia
632 2710 712 2776 regui.

42 2779 90 2830 Sed
102 2795 153 2833 nou
167 2780 288 2844 egregium
308 2777 410 2825 omnino
425 2773 513 2824 Pelusia
526 2773 624 2823 tardant

42 2844 153 2896 claullra
167 2850 268 2896 Dareta.
287 2852 334 2893 tua
346 2839 396 2892 dies
415 2851 546 2903 arcemque
559 2846 682 2905 expugnat
694 2845 721 2887 et
738 2833 839 2955 nrlpptpre

6 3045 90 3115 h
