1809 3150
285 89 347 137 DE
377 86 612 139 LUCANO.

72 169 127 221 nitra
143 164 225 235 popuii
237 168 351 218 Romani
361 178 418 217 ante
435 169 513 234 rapuit
527 183 600 233 quarn
622 168 759 238 imperium.
797 171 856 225 aar.

73 235 228 300 sosugaroque
249 232 384 297 Pompeio,
400 235 488 283 maluit
500 233 561 296 prius
573 233 685 285 ordinare
698 236 854 301 provinciass

72 310 136 361 quam
145 296 217 361 ipsum
230 293 312 361 sequi.
346 296 448 345 Siciliam
469 295 636 347 &Sardiniam
649 302 854 369 annonaepigno·

69 373 104 415 ra,
117 363 188 424 peric
208 359 367 409 atosbabuir.
394 360 465 409 Nihil
478 359 563 409 hostile
578 373 625 409 erat
639 363 666 411 in
685 364 773 413 Gallia.
808 379 855 428 pa·

67 438 111 472 orm
125 421 174 486 ipse
210 434 290 472 cerat.
319 421 368 470 Sed
381 421 412 471 ad
423 420 587 486 Hispanienses
604 426 713 488 Pompeii
732 428 853 478 exercitus

64 485 187 536 transeunti
208 500 255 551 per
277 500 335 535 earn
350 484 416 534 ducit
432 500 513 549 portas
537 485 648 536 claudere
671 487 724 538 ausa
743 488 853 541 Mallilia

65 548 102 598 est.
138 548 258 606 Misera,
286 549 546 614 dumcupitpacem,
578 548 851 603 bellimetuinbellum

61 611 152 662 incidit:
175 611 218 662 sed
232 613 292 675 quia
303 611 369 662 ituris
387 615 462 662 muris
481 625 554 670 erat,
584 614 710 663 vinciearn
718 614 770 675 ribi
788 615 862 675 iulsrt‘

62 674 157 725 absenri.
193 675 321 725 Graecula
339 675 448 734 civitas,
480 692 529 725 non
542 691 585 740 pro
598 677 704 727 mollitia
717 680 825 730 nominis
841 714 850 739 ,

60 742 190 789 &vallum
203 738 323 794 caedere,
339 741 365 788 δι
383 737 512 788 incendere
530 740 651 788 machinas
664 739 732 798 ausa,
749 745 775 792 dc
789 757 849 793 con-

60 801 125 866 gredi
145 799 270 852 navibus:
303 799 345 851 sed
363 806 471 858 Batus,
510 802 551 850 cni
564 803 703 853 mandatum
723 818 773 854 erat
796 804 852 856 bel·

1 902 6 913 .
58 868 122 922 lum,
138 867 220 915 victos
235 877 302 914 rcrra
313 868 421 928 marique
434 864 586 929 perdomuit:
604 881 661 916 mor
667 866 809 918 dedentibus
816 869 851 918 se·

57 927 80 978 sc
90 928 173 980 ablata
190 929 279 977 omnia
291 943 384 993 praeter
409 927 502 992 (quam
515 931 638 992 potiorem
651 929 762 979 omnibus
776 931 852 981 habe·

59 991 135 1057 bant)
154 992 307 1042 libertatem.
342 995 437 1055 Anceps
457 992 612 1055 variumque,
640 996 806 1043 &cruentum
824 996 852 1044 in

57 1055 171 1119 Hispania
195 1053 292 1103 bellum
304 1069 366 1103 cum
380 1054 468 1118 legatis
481 1058 528 1102 Cn.
542 1056 650 1119 Pompeii
664 1059 759 1116 Petreio
775 1061 800 1107 ὃ(
813 1063 851 1107 Α·

58 1118 155 1177 srani03
171 1131 238 1181 quos
254 1117 349 1166 Ilerdae
360 1117 432 1165 casira
447 1115 583 1173 habentes,
612 1117 674 1182 apud
688 1118 790 1169 sicorim
802 1135 854 1171 aar·

58 1197 115 1230 nem
128 1180 264 1236 obfidcre‚
282 1183 309 1229 δι
320 1179 412 1242 oppido
426 1180 584 1229 intercludere
599 1182 742 1246 aggreditur.
785 1188 853 1233 Inte·

58 1246 104 1293 rim
119 1243 292 1294 obundatione
305 1243 373 1291 verni
387 1241 515 1299 flruninis,
534 1243 708 1294 commeatibus
728 1245 850 1308 probibet.

59 1310 96 1357 Sic
108 1307 178 1357 farne
192 1305 266 1355 castra
278 1317 374 1354 tentata
386 1303 459 1362 suut,
480 1303 634 1371 obsessorque
651 1306 699 1371 ipse
712 1307 777 1372 quafi
785 1306 849 1358 obli·

58 1369 178 1420 debatur:
201 1368 244 1418 sed
256 1365 297 1418 ubi
308 1382 363 1442 pax.
372 1368 481 1443 fluminis
494 1368 564 1418 rediit
580 1387 604 1442 ς.
617 1368 853 1435 populationibus&

59 1432 688 1561 {sairrariis{allita‘ffllrlffalllz
702 1434 857 1562 {stilla

59 1558 100 1610 liti
111 1560 144 1610 ad
156 1558 451 1624 deditionem-compulit.
481 1563 518 1609 Sic
530 1559 748 1625 citeriorlrlispania
761 1575 857 1627 recepta

60 1622 112 1681 est,
128 1638 174 1673 nec
186 1622 288 1672 ulterior
299 1637 396 1674 moram
408 1620 475 1673 secie.
502 1624 570 1688 'Quid
583 1624 650 1673 eninr
662 1638 710 1673 unt
721 1623 773 1688 post
786 1627 855 1690 quin·

7 1685 12 1692 '
61 1701 111 1752 que
122 1687 249 1753 legiones?
264 1692 349 1751 ltaque
365 1689 430 1736 ultro
441 1684 544 1737 cedente
552 1693 674 1744 varrone,
690 1688 787 1745 Gades,
798 1692 855 1738 Fre·

60 1762 136 1806 rum,
150 1754 275 1807 Oceanus,
306 1751 391 1800 omnia
402 1748 546 1800 felicitatem
561 1750 670 1800 Caesaris
689 1750 855 1813 sequebantur.

60 1811 167 1877 Aliquid
179 1825 261 1861 tamen
278 1811 390 1863 adversus
400 1809 524 1861 absentem
535 1813 620 1861 ducem
638 1810 692 1861 ausa
708 1814 804 1863 fortuna
818 1813 853 1865 est

60 1878 125 1925 circa
147 1876 274 1939 illyricum
287 1880 313 1926 dt
327 1875 436 1925 Africam
451 1908 459 1930 ,
490 1873 555 1938 quast
576 1875 607 1924 de
623 1874 733 1926 industria
743 1877 854 1941 prospera

62 1942 114 1997 ejus
126 1936 230 1988 adverfis
242 1938 396 1989 radiarentur.
421 1937 514 2003 Quippe
526 1953 581 1987 curn
593 1937 851 1992 saucesAdriaticima·

62 2004 94 2051 ris
109 2000 164 2062 lulli
179 2015 296 2066 occupare
304 2000 440 2053 Dolobella
452 2002 620 2061 &Antonius,
634 2002 675 2052 ille
685 2005 794 2067 illyrico,
811 2004 853 2054 bic

64 2069 206 2129 Oorcpraeo
219 2064 299 2115 littore
311 2064 389 2114 castra
404 2060 542 2128 posuissent,
556 2065 605 2126 jam
623 2067 698 2115 maria
710 2070 852 2117 laterenen-

63 2139 91 2176 tc
103 2129 237 2191 Pompeio,
252 2142 349 2194 tepente
364 2125 438 2177 castra
448 2128 541 2191 legatus
553 2129 731 2187 eiusodaviua
752 2130 850 2181 &Libo

62 2188 204 2256 ingentibus
215 2193 289 2256 copiis
300 2188 452 2240 clallicorum
464 2193 584 2254 utrimque
596 2193 759 2243 circumvenit.
783 2194 852 2242 dedi·

63 2257 161 2303 tionem
174 2253 249 2304 sames
263 2252 364 2304 extorsit
378 2253 496 2303 antonio.
524 2251 608 2304 Missae
626 2268 723 2320 quoqne
737 2255 749 2305 i
763 2255 851 2306 Bafillo

65 2317 91 2365 in
103 2319 222 2367 auxilium
233 2319 284 2378 ejus
297 2331 377 2372 rates,
392 2318 477 2381 quales
490 2318 569 2380 inopia
580 2322 677 2368 navium
688 2320 791 2377 fecerat,
803 2334 851 2368 no-

65 2394 94 2429 ra
113 2382 320 2444 Pompeianorum
332 2393 391 2428 arte
406 2380 513 2431 Cilicum
526 2381 585 2430 aliis
606 2378 647 2432 sub
662 2385 723 2431 mari
735 2380 851 2437 funibus,

65 2456 149 2507 captae
161 2442 227 2506 quali
243 2458 284 2507 per
295 2441 445 2506 indaginem.
457 2443 519 2492 duas
532 2457 614 2492 tamen
628 2443 704 2494 aestus
718 2445 851 2510 explicuit:

64 2520 131 2562 una,
147 2520 211 2571 quae
223 2506 382 2581 Opiterginos
397 2503 504 2563 screbat,
519 2506 623 2556 invadis
636 2505 711 2557 haesit
725 2543 733 2566 ,
753 2522 850 2557 memo·

4 2599 11 2610 ι
63 2568 218 2633 tardumque
228 2570 330 2635 posteris
340 2568 431 2619 ericum
445 2567 519 2619 dedit.
542 2571 636 2634 Quippe
647 2570 688 2619 vix
701 2571 771 2618 mille
783 2572 850 2629 jure·

62 2648 124 2682 niun
140 2646 243 2691 manus,
256 2629 391 2681 circumsufi
404 2631 511 2697 undique
521 2636 639 2681 exercitus
649 2646 691 2695 per
697 2644 777 2680 torum
783 2633 851 2679 diem

63 2693 257 2753 telasussinuirr
274 2697 299 2745 dc
313 2709 370 2743 oum
383 2696 475 2744 exitum
487 2696 562 2742 virtus
576 2708 627 2762 non
638 2691 737 2740 haberet
746 2703 851 2760 ‚ramera

64 2775 96 2807 ne
109 2760 136 2807 in
149 2756 298 2807 deditionem
311 2758 401 2805 veniret
414 2790 422 2812 ,
445 2756 559 2807 hortante
577 2751 675 2801 tribuno
687 2752 783 2805 vnlrepo
795 2759 853 2812 mu·

65 2822 113 2869 tuis
127 2818 214 2869 letibus
226 2820 251 2868 in
261 2816 286 2869 se
301 2819 428 2867 concurrit.
457 2822 486 2865 ln
503 2817 585 2865 africa
615 2825 696 2872 unque
710 2821 753 2869 par
767 2808 793 2850 ce
806 2815 854 2850 vrt-

1 2905 4 2923 ι
67 2893 106 2933 ura
124 2884 151 2934 δι
164 2883 292 2933 calamitas
304 2880 418 2932 Curionis
429 2876 494 2937 suit,
522 2877 566 2940 qui
627 2864 785 2930 recipiendam
800 2872 856 2964 ἷξε·
